Timestamp_ms,BuyerID,SellerID,Price,Quantity
23,2,1,101,20
23,4,3,103,40
23,4,5,104,10
23,2,5,102,10
23,6,5,100,40
23,8,7,102,80
23,8,11,103,10
23,6,11,101,10
23,14,13,103,40
23,14,9,104,10
23,12,15,102,30
23,6,15,101,20
23,10,15,100,10
23,18,17,102,80
23,18,21,103,10
23,16,21,101,10
23,24,23,103,40
23,24,9,104,10
24,22,25,102,30
24,16,25,101,30
24,28,27,102,80
24,28,31,103,10
24,16,31,101,10
24,34,33,103,40
24,34,9,104,10
24,32,35,102,30
24,16,35,101,20
24,26,35,101,10
24,38,37,102,80
24,38,41,103,10
24,26,41,101,10
24,44,43,103,40
24,44,9,104,10
24,42,45,102,30
24,26,45,101,30
24,48,47,102,80
24,48,51,103,10
24,26,51,101,10
24,54,53,103,40
24,54,9,104,10
24,52,55,102,30
24,26,55,101,10
24,36,55,101,20
24,58,57,102,80
24,58,61,103,10
24,36,61,101,10
24,64,63,103,40
24,64,9,104,10
24,62,65,102,30
24,36,65,101,30
24,68,67,102,80
24,68,71,103,10
24,36,71,101,10
24,74,73,103,40
24,74,9,104,10
24,72,75,102,30
24,46,75,101,30
24,78,77,102,80
24,78,81,103,10
24,46,81,101,10
24,84,83,103,40
24,84,9,104,10
24,82,85,102,30
24,46,85,101,30
24,88,87,102,80
24,88,91,103,10
24,56,91,101,10
24,94,93,103,40
24,94,9,104,10
24,92,95,102,30
24,56,95,101,30
24,98,97,102,80
24,98,101,103,10
24,56,101,101,10
24,104,103,103,40
24,104,9,104,10
24,102,105,102,30
24,56,105,101,20
24,66,105,101,10
24,108,107,102,80
24,108,111,103,10
24,66,111,101,10
24,114,113,103,40
24,114,19,104,10
24,112,115,102,30
24,66,115,101,30
24,118,117,102,80
24,118,121,103,10
24,66,121,101,10
24,124,123,103,40
24,124,19,104,10
24,122,125,102,30
24,66,125,101,10
24,76,125,101,20
24,128,127,102,80
24,128,131,103,10
24,76,131,101,10
24,134,133,103,40
24,134,19,104,10
24,132,135,102,30
24,76,135,101,30
24,138,137,102,80
24,138,141,103,10
24,76,141,101,10
24,144,143,103,40
24,144,19,104,10
24,142,145,102,30
24,86,145,101,30
24,148,147,102,80
24,148,151,103,10
24,86,151,101,10
24,154,153,103,40
24,154,19,104,10
24,152,155,102,30
24,86,155,101,30
24,158,157,102,80
24,158,161,103,10
24,96,161,101,10
24,164,163,103,40
24,164,19,104,10
24,162,165,102,30
24,96,165,101,30
24,168,167,102,80
24,168,171,103,10
24,96,171,101,10
24,174,173,103,40
24,174,19,104,10
24,172,175,102,30
24,96,175,101,20
24,106,175,101,10
24,178,177,102,80
24,178,181,103,10
24,106,181,101,10
24,184,183,103,40
24,184,19,104,10
24,182,185,102,30
24,106,185,101,30
24,188,187,102,80
24,188,191,103,10
24,106,191,101,10
24,194,193,103,40
24,194,19,104,10
24,192,195,102,30
24,106,195,101,10
24,116,195,101,20
24,198,197,102,80
24,198,201,103,10
24,116,201,101,10
24,204,203,103,40
24,204,19,104,10
24,202,205,102,30
24,116,205,101,30
24,208,207,102,80
24,208,211,103,10
24,116,211,101,10
24,214,213,103,40
24,214,29,104,10
24,212,215,102,30
24,126,215,101,30
24,218,217,102,80
24,218,221,103,10
24,126,221,101,10
24,224,223,103,40
24,224,29,104,10
24,222,225,102,30
24,126,225,101,30
24,228,227,102,80
24,228,231,103,10
24,136,231,101,10
24,234,233,103,40
24,234,29,104,10
24,232,235,102,30
24,136,235,101,30
24,238,237,102,80
24,238,241,103,10
24,136,241,101,10
24,244,243,103,40
24,244,29,104,10
24,242,245,102,30
24,136,245,101,20
24,146,245,101,10
24,248,247,102,80
24,248,251,103,10
24,146,251,101,10
24,254,253,103,40
24,254,29,104,10
24,252,255,102,30
24,146,255,101,30
24,258,257,102,80
24,258,261,103,10
24,146,261,101,10
24,264,263,103,40
24,264,29,104,10
24,262,265,102,30
24,146,265,101,10
24,156,265,101,20
24,268,267,102,80
24,268,271,103,10
24,156,271,101,10
24,274,273,103,40
24,274,29,104,10
24,272,275,102,30
24,156,275,101,30
24,278,277,102,80
24,278,281,103,10
24,156,281,101,10
24,284,283,103,40
24,284,29,104,10
24,282,285,102,30
24,166,285,101,30
24,288,287,102,80
24,288,291,103,10
24,166,291,101,10
24,294,293,103,40
24,294,29,104,10
24,292,295,102,30
24,166,295,101,30
24,298,297,102,80
24,298,301,103,10
24,176,301,101,10
24,304,303,103,40
24,304,29,104,10
24,302,305,102,30
24,176,305,101,30
24,308,307,102,80
24,308,311,103,10
24,176,311,101,10
24,314,313,103,40
24,314,39,104,10
24,312,315,102,30
24,176,315,101,20
24,186,315,101,10
24,318,317,102,80
24,318,321,103,10
24,186,321,101,10
24,324,323,103,40
24,324,39,104,10
24,322,325,102,30
24,186,325,101,30
24,328,327,102,80
24,328,331,103,10
24,186,331,101,10
24,334,333,103,40
24,334,39,104,10
24,332,335,102,30
24,186,335,101,10
24,196,335,101,20
24,338,337,102,80
24,338,341,103,10
24,196,341,101,10
24,344,343,103,40
24,344,39,104,10
24,342,345,102,30
24,196,345,101,30
24,348,347,102,80
24,348,351,103,10
24,196,351,101,10
24,354,353,103,40
24,354,39,104,10
24,352,355,102,30
24,206,355,101,30
24,358,357,102,80
24,358,361,103,10
24,206,361,101,10
24,364,363,103,40
24,364,39,104,10
24,362,365,102,30
24,206,365,101,30
24,368,367,102,80
24,368,371,103,10
24,216,371,101,10
24,374,373,103,40
24,374,39,104,10
24,372,375,102,30
24,216,375,101,30
24,378,377,102,80
24,378,381,103,10
24,216,381,101,10
24,384,383,103,40
24,384,39,104,10
24,382,385,102,30
24,216,385,101,20
24,226,385,101,10
24,388,387,102,80
24,388,391,103,10
24,226,391,101,10
24,394,393,103,40
24,394,39,104,10
24,392,395,102,30
24,226,395,101,30
24,398,397,102,80
24,398,401,103,10
24,226,401,101,10
24,404,403,103,40
24,404,39,104,10
24,402,405,102,30
24,226,405,101,10
24,236,405,101,20
24,408,407,102,80
24,408,411,103,10
24,236,411,101,10
24,414,413,103,40
24,414,49,104,10
24,412,415,102,30
24,236,415,101,30
24,418,417,102,80
24,418,421,103,10
24,236,421,101,10
24,424,423,103,40
24,424,49,104,10
24,422,425,102,30
24,246,425,101,30
24,428,427,102,80
24,428,431,103,10
24,246,431,101,10
24,434,433,103,40
24,434,49,104,10
24,432,435,102,30
24,246,435,101,30
24,438,437,102,80
24,438,441,103,10
24,256,441,101,10
24,444,443,103,40
24,444,49,104,10
24,442,445,102,30
24,256,445,101,30
24,448,447,102,80
24,448,451,103,10
24,256,451,101,10
24,454,453,103,40
24,454,49,104,10
24,452,455,102,30
24,256,455,101,20
24,266,455,101,10
24,458,457,102,80
24,458,461,103,10
24,266,461,101,10
24,464,463,103,40
24,464,49,104,10
24,462,465,102,30
24,266,465,101,30
24,468,467,102,80
24,468,471,103,10
24,266,471,101,10
24,474,473,103,40
24,474,49,104,10
24,472,475,102,30
24,266,475,101,10
24,276,475,101,20
24,478,477,102,80
24,478,481,103,10
24,276,481,101,10
24,484,483,103,40
24,484,49,104,10
24,482,485,102,30
24,276,485,101,30
24,488,487,102,80
24,488,491,103,10
24,276,491,101,10
24,494,493,103,40
24,494,49,104,10
24,492,495,102,30
24,286,495,101,30
24,498,497,102,80
24,498,501,103,10
24,286,501,101,10
24,504,503,103,40
24,504,49,104,10
24,502,505,102,30
24,286,505,101,30
24,508,507,102,80
24,508,511,103,10
24,296,511,101,10
24,514,513,103,40
24,514,59,104,10
24,512,515,102,30
24,296,515,101,30
24,518,517,102,80
24,518,521,103,10
24,296,521,101,10
24,524,523,103,40
24,524,59,104,10
24,522,525,102,30
24,296,525,101,20
24,306,525,101,10
24,528,527,102,80
24,528,531,103,10
24,306,531,101,10
24,534,533,103,40
24,534,59,104,10
24,532,535,102,30
24,306,535,101,30
24,538,537,102,80
24,538,541,103,10
24,306,541,101,10
24,544,543,103,40
24,544,59,104,10
24,542,545,102,30
24,306,545,101,10
24,316,545,101,20
24,548,547,102,80
24,548,551,103,10
24,316,551,101,10
24,554,553,103,40
24,554,59,104,10
24,552,555,102,30
24,316,555,101,30
24,558,557,102,80
24,558,561,103,10
24,316,561,101,10
24,564,563,103,40
24,564,59,104,10
24,562,565,102,30
24,326,565,101,30
24,568,567,102,80
24,568,571,103,10
24,326,571,101,10
24,574,573,103,40
24,574,59,104,10
24,572,575,102,30
24,326,575,101,30
24,578,577,102,80
24,578,581,103,10
24,336,581,101,10
24,584,583,103,40
24,584,59,104,10
24,582,585,102,30
24,336,585,101,30
24,588,587,102,80
24,588,591,103,10
24,336,591,101,10
24,594,593,103,40
24,594,59,104,10
24,592,595,102,30
24,336,595,101,20
24,346,595,101,10
24,598,597,102,80
24,598,601,103,10
24,346,601,101,10
24,604,603,103,40
24,604,59,104,10
24,602,605,102,30
24,346,605,101,30
24,608,607,102,80
24,608,611,103,10
24,346,611,101,10
24,614,613,103,40
24,614,69,104,10
24,612,615,102,30
24,346,615,101,10
24,356,615,101,20
24,618,617,102,80
24,618,621,103,10
24,356,621,101,10
24,624,623,103,40
24,624,69,104,10
24,622,625,102,30
24,356,625,101,30
24,628,627,102,80
24,628,631,103,10
24,356,631,101,10
24,634,633,103,40
24,634,69,104,10
24,632,635,102,30
24,366,635,101,30
24,638,637,102,80
24,638,641,103,10
24,366,641,101,10
24,644,643,103,40
24,644,69,104,10
24,642,645,102,30
24,366,645,101,30
24,648,647,102,80
24,648,651,103,10
24,376,651,101,10
24,654,653,103,40
24,654,69,104,10
24,652,655,102,30
24,376,655,101,30
24,658,657,102,80
24,658,661,103,10
24,376,661,101,10
24,664,663,103,40
24,664,69,104,10
24,662,665,102,30
24,376,665,101,20
24,386,665,101,10
24,668,667,102,80
24,668,671,103,10
24,386,671,101,10
24,674,673,103,40
24,674,69,104,10
24,672,675,102,30
24,386,675,101,30
24,678,677,102,80
24,678,681,103,10
24,386,681,101,10
24,684,683,103,40
24,684,69,104,10
24,682,685,102,30
24,386,685,101,10
24,396,685,101,20
24,688,687,102,80
24,688,691,103,10
24,396,691,101,10
24,694,693,103,40
24,694,69,104,10
24,692,695,102,30
24,396,695,101,30
24,698,697,102,80
24,698,701,103,10
24,396,701,101,10
24,704,703,103,40
24,704,69,104,10
24,702,705,102,30
24,406,705,101,30
24,708,707,102,80
24,708,711,103,10
24,406,711,101,10
24,714,713,103,40
24,714,79,104,10
24,712,715,102,30
24,406,715,101,30
24,718,717,102,80
24,718,721,103,10
24,416,721,101,10
24,724,723,103,40
24,724,79,104,10
24,722,725,102,30
24,416,725,101,30
24,728,727,102,80
24,728,731,103,10
24,416,731,101,10
24,734,733,103,40
24,734,79,104,10
24,732,735,102,30
24,416,735,101,20
24,426,735,101,10
24,738,737,102,80
24,738,741,103,10
24,426,741,101,10
24,744,743,103,40
24,744,79,104,10
24,742,745,102,30
24,426,745,101,30
24,748,747,102,80
24,748,751,103,10
24,426,751,101,10
24,754,753,103,40
24,754,79,104,10
24,752,755,102,30
24,426,755,101,10
24,436,755,101,20
24,758,757,102,80
24,758,761,103,10
24,436,761,101,10
24,764,763,103,40
24,764,79,104,10
24,762,765,102,30
24,436,765,101,30
24,768,767,102,80
24,768,771,103,10
24,436,771,101,10
24,774,773,103,40
24,774,79,104,10
24,772,775,102,30
24,446,775,101,30
24,778,777,102,80
24,778,781,103,10
24,446,781,101,10
24,784,783,103,40
24,784,79,104,10
24,782,785,102,30
24,446,785,101,30
24,788,787,102,80
24,788,791,103,10
24,456,791,101,10
24,794,793,103,40
24,794,79,104,10
24,792,795,102,30
24,456,795,101,30
24,798,797,102,80
24,798,801,103,10
24,456,801,101,10
24,804,803,103,40
24,804,79,104,10
24,802,805,102,30
24,456,805,101,20
24,466,805,101,10
24,808,807,102,80
24,808,811,103,10
24,466,811,101,10
24,814,813,103,40
24,814,89,104,10
24,812,815,102,30
24,466,815,101,30
24,818,817,102,80
24,818,821,103,10
24,466,821,101,10
24,824,823,103,40
24,824,89,104,10
24,822,825,102,30
24,466,825,101,10
24,476,825,101,20
24,828,827,102,80
24,828,831,103,10
24,476,831,101,10
24,834,833,103,40
24,834,89,104,10
24,832,835,102,30
24,476,835,101,30
24,838,837,102,80
24,838,841,103,10
24,476,841,101,10
24,844,843,103,40
24,844,89,104,10
24,842,845,102,30
24,486,845,101,30
24,848,847,102,80
24,848,851,103,10
24,486,851,101,10
24,854,853,103,40
24,854,89,104,10
24,852,855,102,30
24,486,855,101,30
24,858,857,102,80
24,858,861,103,10
24,496,861,101,10
24,864,863,103,40
24,864,89,104,10
24,862,865,102,30
24,496,865,101,30
24,868,867,102,80
24,868,871,103,10
24,496,871,101,10
24,874,873,103,40
24,874,89,104,10
24,872,875,102,30
24,496,875,101,20
24,506,875,101,10
24,878,877,102,80
24,878,881,103,10
24,506,881,101,10
24,884,883,103,40
24,884,89,104,10
24,882,885,102,30
24,506,885,101,30
24,888,887,102,80
24,888,891,103,10
24,506,891,101,10
24,894,893,103,40
24,894,89,104,10
24,892,895,102,30
24,506,895,101,10
24,516,895,101,20
24,898,897,102,80
24,898,901,103,10
24,516,901,101,10
24,904,903,103,40
24,904,89,104,10
24,902,905,102,30
24,516,905,101,30
24,908,907,102,80
24,908,911,103,10
24,516,911,101,10
24,914,913,103,40
24,914,99,104,10
24,912,915,102,30
24,526,915,101,30
24,918,917,102,80
24,918,921,103,10
24,526,921,101,10
24,924,923,103,40
24,924,99,104,10
24,922,925,102,30
24,526,925,101,30
24,928,927,102,80
24,928,931,103,10
24,536,931,101,10
24,934,933,103,40
24,934,99,104,10
24,932,935,102,30
24,536,935,101,30
24,938,937,102,80
24,938,941,103,10
24,536,941,101,10
24,944,943,103,40
24,944,99,104,10
24,942,945,102,30
24,536,945,101,20
24,546,945,101,10
24,948,947,102,80
24,948,951,103,10
24,546,951,101,10
24,954,953,103,40
24,954,99,104,10
24,952,955,102,30
24,546,955,101,30
24,958,957,102,80
24,958,961,103,10
24,546,961,101,10
24,964,963,103,40
24,964,99,104,10
24,962,965,102,30
24,546,965,101,10
24,556,965,101,20
24,968,967,102,80
24,968,971,103,10
24,556,971,101,10
24,974,973,103,40
24,974,99,104,10
24,972,975,102,30
24,556,975,101,30
24,978,977,102,80
24,978,981,103,10
24,556,981,101,10
24,984,983,103,40
24,984,99,104,10
24,982,985,102,30
24,566,985,101,30
24,988,987,102,80
24,988,991,103,10
24,566,991,101,10
24,994,993,103,40
24,994,99,104,10
24,992,995,102,30
24,566,995,101,30
24,998,997,102,80
24,998,1001,103,10
24,576,1001,101,10
24,1004,1003,103,40
24,1004,99,104,10
24,1002,1005,102,30
24,576,1005,101,30
24,1008,1007,102,80
24,1008,1011,103,10
24,576,1011,101,10
24,1014,1013,103,40
24,1014,109,104,10
24,1012,1015,102,30
24,576,1015,101,20
24,586,1015,101,10
24,1018,1017,102,80
24,1018,1021,103,10
24,586,1021,101,10
24,1024,1023,103,40
24,1024,109,104,10
24,1022,1025,102,30
24,586,1025,101,30
24,1028,1027,102,80
24,1028,1031,103,10
24,586,1031,101,10
24,1034,1033,103,40
24,1034,109,104,10
24,1032,1035,102,30
24,586,1035,101,10
24,596,1035,101,20
24,1038,1037,102,80
24,1038,1041,103,10
24,596,1041,101,10
24,1044,1043,103,40
24,1044,109,104,10
24,1042,1045,102,30
24,596,1045,101,30
24,1048,1047,102,80
24,1048,1051,103,10
24,596,1051,101,10
24,1054,1053,103,40
24,1054,109,104,10
24,1052,1055,102,30
24,606,1055,101,30
24,1058,1057,102,80
24,1058,1061,103,10
24,606,1061,101,10
24,1064,1063,103,40
24,1064,109,104,10
24,1062,1065,102,30
24,606,1065,101,30
24,1068,1067,102,80
24,1068,1071,103,10
24,616,1071,101,10
24,1074,1073,103,40
24,1074,109,104,10
24,1072,1075,102,30
24,616,1075,101,30
24,1078,1077,102,80
24,1078,1081,103,10
24,616,1081,101,10
24,1084,1083,103,40
24,1084,109,104,10
24,1082,1085,102,30
24,616,1085,101,20
24,626,1085,101,10
24,1088,1087,102,80
24,1088,1091,103,10
24,626,1091,101,10
24,1094,1093,103,40
24,1094,109,104,10
24,1092,1095,102,30
24,626,1095,101,30
24,1098,1097,102,80
24,1098,1101,103,10
24,626,1101,101,10
24,1104,1103,103,40
24,1104,109,104,10
24,1102,1105,102,30
24,626,1105,101,10
24,636,1105,101,20
24,1108,1107,102,80
24,1108,1111,103,10
24,636,1111,101,10
24,1114,1113,103,40
24,1114,119,104,10
24,1112,1115,102,30
24,636,1115,101,30
24,1118,1117,102,80
24,1118,1121,103,10
24,636,1121,101,10
24,1124,1123,103,40
24,1124,119,104,10
24,1122,1125,102,30
24,646,1125,101,30
24,1128,1127,102,80
24,1128,1131,103,10
24,646,1131,101,10
24,1134,1133,103,40
24,1134,119,104,10
24,1132,1135,102,30
24,646,1135,101,30
24,1138,1137,102,80
24,1138,1141,103,10
24,656,1141,101,10
24,1144,1143,103,40
24,1144,119,104,10
24,1142,1145,102,30
24,656,1145,101,30
24,1148,1147,102,80
24,1148,1151,103,10
24,656,1151,101,10
24,1154,1153,103,40
24,1154,119,104,10
24,1152,1155,102,30
24,656,1155,101,20
24,666,1155,101,10
24,1158,1157,102,80
24,1158,1161,103,10
24,666,1161,101,10
24,1164,1163,103,40
24,1164,119,104,10
24,1162,1165,102,30
24,666,1165,101,30
24,1168,1167,102,80
24,1168,1171,103,10
24,666,1171,101,10
24,1174,1173,103,40
24,1174,119,104,10
24,1172,1175,102,30
24,666,1175,101,10
24,676,1175,101,20
24,1178,1177,102,80
24,1178,1181,103,10
24,676,1181,101,10
24,1184,1183,103,40
24,1184,119,104,10
24,1182,1185,102,30
24,676,1185,101,30
24,1188,1187,102,80
24,1188,1191,103,10
24,676,1191,101,10
24,1194,1193,103,40
24,1194,119,104,10
24,1192,1195,102,30
24,686,1195,101,30
24,1198,1197,102,80
24,1198,1201,103,10
24,686,1201,101,10
24,1204,1203,103,40
24,1204,119,104,10
24,1202,1205,102,30
24,686,1205,101,30
24,1208,1207,102,80
24,1208,1211,103,10
24,696,1211,101,10
24,1214,1213,103,40
24,1214,129,104,10
24,1212,1215,102,30
24,696,1215,101,30
24,1218,1217,102,80
24,1218,1221,103,10
24,696,1221,101,10
24,1224,1223,103,40
25,1224,129,104,10
25,1222,1225,102,30
25,696,1225,101,20
25,706,1225,101,10
25,1228,1227,102,80
25,1228,1231,103,10
25,706,1231,101,10
25,1234,1233,103,40
25,1234,129,104,10
25,1232,1235,102,30
25,706,1235,101,30
25,1238,1237,102,80
25,1238,1241,103,10
25,706,1241,101,10
25,1244,1243,103,40
25,1244,129,104,10
25,1242,1245,102,30
25,706,1245,101,10
25,716,1245,101,20
25,1248,1247,102,80
25,1248,1251,103,10
25,716,1251,101,10
25,1254,1253,103,40
25,1254,129,104,10
25,1252,1255,102,30
25,716,1255,101,30
25,1258,1257,102,80
25,1258,1261,103,10
25,716,1261,101,10
25,1264,1263,103,40
25,1264,129,104,10
25,1262,1265,102,30
25,726,1265,101,30
25,1268,1267,102,80
25,1268,1271,103,10
25,726,1271,101,10
25,1274,1273,103,40
25,1274,129,104,10
25,1272,1275,102,30
25,726,1275,101,30
25,1278,1277,102,80
25,1278,1281,103,10
25,736,1281,101,10
25,1284,1283,103,40
25,1284,129,104,10
25,1282,1285,102,30
25,736,1285,101,30
25,1288,1287,102,80
25,1288,1291,103,10
25,736,1291,101,10
25,1294,1293,103,40
25,1294,129,104,10
25,1292,1295,102,30
25,736,1295,101,20
25,746,1295,101,10
25,1298,1297,102,80
25,1298,1301,103,10
25,746,1301,101,10
25,1304,1303,103,40
25,1304,129,104,10
25,1302,1305,102,30
25,746,1305,101,30
25,1308,1307,102,80
25,1308,1311,103,10
25,746,1311,101,10
25,1314,1313,103,40
25,1314,139,104,10
25,1312,1315,102,30
25,746,1315,101,10
25,756,1315,101,20
25,1318,1317,102,80
25,1318,1321,103,10
25,756,1321,101,10
25,1324,1323,103,40
25,1324,139,104,10
25,1322,1325,102,30
25,756,1325,101,30
25,1328,1327,102,80
25,1328,1331,103,10
25,756,1331,101,10
25,1334,1333,103,40
25,1334,139,104,10
25,1332,1335,102,30
25,766,1335,101,30
25,1338,1337,102,80
25,1338,1341,103,10
25,766,1341,101,10
25,1344,1343,103,40
25,1344,139,104,10
25,1342,1345,102,30
25,766,1345,101,30
25,1348,1347,102,80
25,1348,1351,103,10
25,776,1351,101,10
25,1354,1353,103,40
25,1354,139,104,10
25,1352,1355,102,30
25,776,1355,101,30
25,1358,1357,102,80
25,1358,1361,103,10
25,776,1361,101,10
25,1364,1363,103,40
25,1364,139,104,10
25,1362,1365,102,30
25,776,1365,101,20
25,786,1365,101,10
25,1368,1367,102,80
25,1368,1371,103,10
25,786,1371,101,10
25,1374,1373,103,40
25,1374,139,104,10
25,1372,1375,102,30
25,786,1375,101,30
25,1378,1377,102,80
25,1378,1381,103,10
25,786,1381,101,10
25,1384,1383,103,40
25,1384,139,104,10
25,1382,1385,102,30
25,786,1385,101,10
25,796,1385,101,20
25,1388,1387,102,80
25,1388,1391,103,10
25,796,1391,101,10
25,1394,1393,103,40
25,1394,139,104,10
25,1392,1395,102,30
25,796,1395,101,30
25,1398,1397,102,80
25,1398,1401,103,10
25,796,1401,101,10
25,1404,1403,103,40
25,1404,139,104,10
25,1402,1405,102,30
25,806,1405,101,30
25,1408,1407,102,80
25,1408,1411,103,10
25,806,1411,101,10
25,1414,1413,103,40
25,1414,149,104,10
25,1412,1415,102,30
25,806,1415,101,30
25,1418,1417,102,80
25,1418,1421,103,10
25,816,1421,101,10
25,1424,1423,103,40
25,1424,149,104,10
25,1422,1425,102,30
25,816,1425,101,30
25,1428,1427,102,80
25,1428,1431,103,10
25,816,1431,101,10
25,1434,1433,103,40
25,1434,149,104,10
25,1432,1435,102,30
25,816,1435,101,20
25,826,1435,101,10
25,1438,1437,102,80
25,1438,1441,103,10
25,826,1441,101,10
25,1444,1443,103,40
25,1444,149,104,10
25,1442,1445,102,30
25,826,1445,101,30
25,1448,1447,102,80
25,1448,1451,103,10
25,826,1451,101,10
25,1454,1453,103,40
25,1454,149,104,10
25,1452,1455,102,30
25,826,1455,101,10
25,836,1455,101,20
25,1458,1457,102,80
25,1458,1461,103,10
25,836,1461,101,10
25,1464,1463,103,40
25,1464,149,104,10
25,1462,1465,102,30
25,836,1465,101,30
25,1468,1467,102,80
25,1468,1471,103,10
25,836,1471,101,10
25,1474,1473,103,40
25,1474,149,104,10
25,1472,1475,102,30
25,846,1475,101,30
25,1478,1477,102,80
25,1478,1481,103,10
25,846,1481,101,10
25,1484,1483,103,40
25,1484,149,104,10
25,1482,1485,102,30
25,846,1485,101,30
25,1488,1487,102,80
25,1488,1491,103,10
25,856,1491,101,10
25,1494,1493,103,40
25,1494,149,104,10
25,1492,1495,102,30
25,856,1495,101,30
25,1498,1497,102,80
25,1498,1501,103,10
25,856,1501,101,10
25,1504,1503,103,40
25,1504,149,104,10
25,1502,1505,102,30
25,856,1505,101,20
25,866,1505,101,10
25,1508,1507,102,80
25,1508,1511,103,10
25,866,1511,101,10
25,1514,1513,103,40
25,1514,159,104,10
25,1512,1515,102,30
25,866,1515,101,30
25,1518,1517,102,80
25,1518,1521,103,10
25,866,1521,101,10
25,1524,1523,103,40
25,1524,159,104,10
25,1522,1525,102,30
25,866,1525,101,10
25,876,1525,101,20
25,1528,1527,102,80
25,1528,1531,103,10
25,876,1531,101,10
25,1534,1533,103,40
25,1534,159,104,10
25,1532,1535,102,30
25,876,1535,101,30
25,1538,1537,102,80
25,1538,1541,103,10
25,876,1541,101,10
25,1544,1543,103,40
25,1544,159,104,10
25,1542,1545,102,30
25,886,1545,101,30
25,1548,1547,102,80
25,1548,1551,103,10
25,886,1551,101,10
25,1554,1553,103,40
25,1554,159,104,10
25,1552,1555,102,30
25,886,1555,101,30
25,1558,1557,102,80
25,1558,1561,103,10
25,896,1561,101,10
25,1564,1563,103,40
25,1564,159,104,10
25,1562,1565,102,30
25,896,1565,101,30
25,1568,1567,102,80
25,1568,1571,103,10
25,896,1571,101,10
25,1574,1573,103,40
25,1574,159,104,10
25,1572,1575,102,30
25,896,1575,101,20
25,906,1575,101,10
25,1578,1577,102,80
25,1578,1581,103,10
25,906,1581,101,10
25,1584,1583,103,40
25,1584,159,104,10
25,1582,1585,102,30
25,906,1585,101,30
25,1588,1587,102,80
25,1588,1591,103,10
25,906,1591,101,10
25,1594,1593,103,40
25,1594,159,104,10
25,1592,1595,102,30
25,906,1595,101,10
25,916,1595,101,20
25,1598,1597,102,80
25,1598,1601,103,10
25,916,1601,101,10
25,1604,1603,103,40
25,1604,159,104,10
25,1602,1605,102,30
25,916,1605,101,30
25,1608,1607,102,80
25,1608,1611,103,10
25,916,1611,101,10
25,1614,1613,103,40
25,1614,169,104,10
25,1612,1615,102,30
25,926,1615,101,30
25,1618,1617,102,80
25,1618,1621,103,10
25,926,1621,101,10
25,1624,1623,103,40
25,1624,169,104,10
25,1622,1625,102,30
25,926,1625,101,30
25,1628,1627,102,80
25,1628,1631,103,10
25,936,1631,101,10
25,1634,1633,103,40
25,1634,169,104,10
25,1632,1635,102,30
25,936,1635,101,30
25,1638,1637,102,80
25,1638,1641,103,10
25,936,1641,101,10
25,1644,1643,103,40
25,1644,169,104,10
25,1642,1645,102,30
25,936,1645,101,20
25,946,1645,101,10
25,1648,1647,102,80
25,1648,1651,103,10
25,946,1651,101,10
25,1654,1653,103,40
25,1654,169,104,10
25,1652,1655,102,30
25,946,1655,101,30
25,1658,1657,102,80
25,1658,1661,103,10
25,946,1661,101,10
25,1664,1663,103,40
25,1664,169,104,10
25,1662,1665,102,30
25,946,1665,101,10
25,956,1665,101,20
25,1668,1667,102,80
25,1668,1671,103,10
25,956,1671,101,10
25,1674,1673,103,40
25,1674,169,104,10
25,1672,1675,102,30
25,956,1675,101,30
25,1678,1677,102,80
25,1678,1681,103,10
25,956,1681,101,10
25,1684,1683,103,40
25,1684,169,104,10
25,1682,1685,102,30
25,966,1685,101,30
25,1688,1687,102,80
25,1688,1691,103,10
25,966,1691,101,10
25,1694,1693,103,40
25,1694,169,104,10
25,1692,1695,102,30
25,966,1695,101,30
25,1698,1697,102,80
25,1698,1701,103,10
25,976,1701,101,10
25,1704,1703,103,40
25,1704,169,104,10
25,1702,1705,102,30
25,976,1705,101,30
25,1708,1707,102,80
25,1708,1711,103,10
25,976,1711,101,10
25,1714,1713,103,40
25,1714,179,104,10
25,1712,1715,102,30
25,976,1715,101,20
25,986,1715,101,10
25,1718,1717,102,80
25,1718,1721,103,10
25,986,1721,101,10
25,1724,1723,103,40
25,1724,179,104,10
25,1722,1725,102,30
25,986,1725,101,30
25,1728,1727,102,80
25,1728,1731,103,10
25,986,1731,101,10
25,1734,1733,103,40
25,1734,179,104,10
25,1732,1735,102,30
25,986,1735,101,10
25,996,1735,101,20
25,1738,1737,102,80
25,1738,1741,103,10
25,996,1741,101,10
25,1744,1743,103,40
25,1744,179,104,10
25,1742,1745,102,30
25,996,1745,101,30
25,1748,1747,102,80
25,1748,1751,103,10
25,996,1751,101,10
25,1754,1753,103,40
25,1754,179,104,10
25,1752,1755,102,30
25,1006,1755,101,30
25,1758,1757,102,80
25,1758,1761,103,10
25,1006,1761,101,10
25,1764,1763,103,40
25,1764,179,104,10
25,1762,1765,102,30
25,1006,1765,101,30
25,1768,1767,102,80
25,1768,1771,103,10
25,1016,1771,101,10
25,1774,1773,103,40
25,1774,179,104,10
25,1772,1775,102,30
25,1016,1775,101,30
25,1778,1777,102,80
25,1778,1781,103,10
25,1016,1781,101,10
25,1784,1783,103,40
25,1784,179,104,10
25,1782,1785,102,30
25,1016,1785,101,20
25,1026,1785,101,10
25,1788,1787,102,80
25,1788,1791,103,10
25,1026,1791,101,10
25,1794,1793,103,40
25,1794,179,104,10
25,1792,1795,102,30
25,1026,1795,101,30
25,1798,1797,102,80
25,1798,1801,103,10
25,1026,1801,101,10
25,1804,1803,103,40
25,1804,179,104,10
25,1802,1805,102,30
25,1026,1805,101,10
25,1036,1805,101,20
25,1808,1807,102,80
25,1808,1811,103,10
25,1036,1811,101,10
25,1814,1813,103,40
25,1814,189,104,10
25,1812,1815,102,30
25,1036,1815,101,30
25,1818,1817,102,80
25,1818,1821,103,10
25,1036,1821,101,10
25,1824,1823,103,40
25,1824,189,104,10
25,1822,1825,102,30
25,1046,1825,101,30
25,1828,1827,102,80
25,1828,1831,103,10
25,1046,1831,101,10
25,1834,1833,103,40
25,1834,189,104,10
25,1832,1835,102,30
25,1046,1835,101,30
25,1838,1837,102,80
25,1838,1841,103,10
25,1056,1841,101,10
25,1844,1843,103,40
25,1844,189,104,10
25,1842,1845,102,30
25,1056,1845,101,30
25,1848,1847,102,80
25,1848,1851,103,10
25,1056,1851,101,10
25,1854,1853,103,40
25,1854,189,104,10
25,1852,1855,102,30
25,1056,1855,101,20
25,1066,1855,101,10
25,1858,1857,102,80
25,1858,1861,103,10
25,1066,1861,101,10
25,1864,1863,103,40
25,1864,189,104,10
25,1862,1865,102,30
25,1066,1865,101,30
25,1868,1867,102,80
25,1868,1871,103,10
25,1066,1871,101,10
25,1874,1873,103,40
25,1874,189,104,10
25,1872,1875,102,30
25,1066,1875,101,10
25,1076,1875,101,20
25,1878,1877,102,80
25,1878,1881,103,10
25,1076,1881,101,10
25,1884,1883,103,40
25,1884,189,104,10
25,1882,1885,102,30
25,1076,1885,101,30
25,1888,1887,102,80
25,1888,1891,103,10
25,1076,1891,101,10
25,1894,1893,103,40
25,1894,189,104,10
25,1892,1895,102,30
25,1086,1895,101,30
25,1898,1897,102,80
25,1898,1901,103,10
25,1086,1901,101,10
25,1904,1903,103,40
25,1904,189,104,10
25,1902,1905,102,30
25,1086,1905,101,30
25,1908,1907,102,80
25,1908,1911,103,10
25,1096,1911,101,10
25,1914,1913,103,40
25,1914,199,104,10
25,1912,1915,102,30
25,1096,1915,101,30
25,1918,1917,102,80
25,1918,1921,103,10
25,1096,1921,101,10
25,1924,1923,103,40
25,1924,199,104,10
25,1922,1925,102,30
25,1096,1925,101,20
25,1106,1925,101,10
25,1928,1927,102,80
25,1928,1931,103,10
25,1106,1931,101,10
25,1934,1933,103,40
25,1934,199,104,10
25,1932,1935,102,30
25,1106,1935,101,30
25,1938,1937,102,80
25,1938,1941,103,10
25,1106,1941,101,10
25,1944,1943,103,40
25,1944,199,104,10
25,1942,1945,102,30
25,1106,1945,101,10
25,1116,1945,101,20
25,1948,1947,102,80
25,1948,1951,103,10
25,1116,1951,101,10
25,1954,1953,103,40
25,1954,199,104,10
25,1952,1955,102,30
25,1116,1955,101,30
25,1958,1957,102,80
25,1958,1961,103,10
25,1116,1961,101,10
25,1964,1963,103,40
25,1964,199,104,10
25,1962,1965,102,30
25,1126,1965,101,30
25,1968,1967,102,80
25,1968,1971,103,10
25,1126,1971,101,10
25,1974,1973,103,40
25,1974,199,104,10
25,1972,1975,102,30
25,1126,1975,101,30
25,1978,1977,102,80
25,1978,1981,103,10
25,1136,1981,101,10
25,1984,1983,103,40
25,1984,199,104,10
25,1982,1985,102,30
25,1136,1985,101,30
25,1988,1987,102,80
25,1988,1991,103,10
25,1136,1991,101,10
25,1994,1993,103,40
25,1994,199,104,10
25,1992,1995,102,30
25,1136,1995,101,20
25,1146,1995,101,10
25,1998,1997,102,80
25,1998,2001,103,10
25,1146,2001,101,10
25,2004,2003,103,40
25,2004,199,104,10
25,2002,2005,102,30
25,1146,2005,101,30
25,2008,2007,102,80
25,2008,2011,103,10
25,1146,2011,101,10
25,2014,2013,103,40
25,2014,209,104,10
25,2012,2015,102,30
25,1146,2015,101,10
25,1156,2015,101,20
25,2018,2017,102,80
25,2018,2021,103,10
25,1156,2021,101,10
25,2024,2023,103,40
25,2024,209,104,10
25,2022,2025,102,30
25,1156,2025,101,30
25,2028,2027,102,80
25,2028,2031,103,10
25,1156,2031,101,10
25,2034,2033,103,40
25,2034,209,104,10
25,2032,2035,102,30
25,1166,2035,101,30
25,2038,2037,102,80
25,2038,2041,103,10
25,1166,2041,101,10
25,2044,2043,103,40
25,2044,209,104,10
25,2042,2045,102,30
25,1166,2045,101,30
25,2048,2047,102,80
25,2048,2051,103,10
25,1176,2051,101,10
25,2054,2053,103,40
25,2054,209,104,10
25,2052,2055,102,30
25,1176,2055,101,30
25,2058,2057,102,80
25,2058,2061,103,10
25,1176,2061,101,10
25,2064,2063,103,40
25,2064,209,104,10
25,2062,2065,102,30
25,1176,2065,101,20
25,1186,2065,101,10
25,2068,2067,102,80
25,2068,2071,103,10
25,1186,2071,101,10
25,2074,2073,103,40
25,2074,209,104,10
25,2072,2075,102,30
25,1186,2075,101,30
25,2078,2077,102,80
25,2078,2081,103,10
25,1186,2081,101,10
25,2084,2083,103,40
25,2084,209,104,10
25,2082,2085,102,30
25,1186,2085,101,10
25,1196,2085,101,20
25,2088,2087,102,80
25,2088,2091,103,10
25,1196,2091,101,10
25,2094,2093,103,40
25,2094,209,104,10
25,2092,2095,102,30
25,1196,2095,101,30
25,2098,2097,102,80
25,2098,2101,103,10
25,1196,2101,101,10
25,2104,2103,103,40
25,2104,209,104,10
25,2102,2105,102,30
25,1206,2105,101,30
25,2108,2107,102,80
25,2108,2111,103,10
25,1206,2111,101,10
25,2114,2113,103,40
25,2114,219,104,10
25,2112,2115,102,30
25,1206,2115,101,30
25,2118,2117,102,80
25,2118,2121,103,10
25,1216,2121,101,10
25,2124,2123,103,40
25,2124,219,104,10
25,2122,2125,102,30
25,1216,2125,101,30
25,2128,2127,102,80
25,2128,2131,103,10
25,1216,2131,101,10
25,2134,2133,103,40
25,2134,219,104,10
25,2132,2135,102,30
25,1216,2135,101,20
25,1226,2135,101,10
25,2138,2137,102,80
25,2138,2141,103,10
25,1226,2141,101,10
25,2144,2143,103,40
25,2144,219,104,10
25,2142,2145,102,30
25,1226,2145,101,30
25,2148,2147,102,80
25,2148,2151,103,10
25,1226,2151,101,10
25,2154,2153,103,40
25,2154,219,104,10
25,2152,2155,102,30
25,1226,2155,101,10
25,1236,2155,101,20
25,2158,2157,102,80
25,2158,2161,103,10
25,1236,2161,101,10
25,2164,2163,103,40
25,2164,219,104,10
25,2162,2165,102,30
25,1236,2165,101,30
25,2168,2167,102,80
25,2168,2171,103,10
25,1236,2171,101,10
25,2174,2173,103,40
25,2174,219,104,10
25,2172,2175,102,30
25,1246,2175,101,30
25,2178,2177,102,80
25,2178,2181,103,10
25,1246,2181,101,10
25,2184,2183,103,40
25,2184,219,104,10
25,2182,2185,102,30
25,1246,2185,101,30
25,2188,2187,102,80
25,2188,2191,103,10
25,1256,2191,101,10
25,2194,2193,103,40
25,2194,219,104,10
25,2192,2195,102,30
25,1256,2195,101,30
25,2198,2197,102,80
25,2198,2201,103,10
25,1256,2201,101,10
25,2204,2203,103,40
25,2204,219,104,10
25,2202,2205,102,30
25,1256,2205,101,20
25,1266,2205,101,10
25,2208,2207,102,80
25,2208,2211,103,10
25,1266,2211,101,10
25,2214,2213,103,40
25,2214,229,104,10
25,2212,2215,102,30
25,1266,2215,101,30
25,2218,2217,102,80
25,2218,2221,103,10
25,1266,2221,101,10
25,2224,2223,103,40
25,2224,229,104,10
25,2222,2225,102,30
25,1266,2225,101,10
25,1276,2225,101,20
25,2228,2227,102,80
25,2228,2231,103,10
25,1276,2231,101,10
25,2234,2233,103,40
25,2234,229,104,10
25,2232,2235,102,30
25,1276,2235,101,30
25,2238,2237,102,80
25,2238,2241,103,10
25,1276,2241,101,10
25,2244,2243,103,40
25,2244,229,104,10
25,2242,2245,102,30
25,1286,2245,101,30
25,2248,2247,102,80
25,2248,2251,103,10
25,1286,2251,101,10
25,2254,2253,103,40
25,2254,229,104,10
25,2252,2255,102,30
25,1286,2255,101,30
25,2258,2257,102,80
25,2258,2261,103,10
25,1296,2261,101,10
25,2264,2263,103,40
25,2264,229,104,10
25,2262,2265,102,30
25,1296,2265,101,30
25,2268,2267,102,80
25,2268,2271,103,10
25,1296,2271,101,10
25,2274,2273,103,40
25,2274,229,104,10
25,2272,2275,102,30
25,1296,2275,101,20
25,1306,2275,101,10
25,2278,2277,102,80
25,2278,2281,103,10
25,1306,2281,101,10
25,2284,2283,103,40
25,2284,229,104,10
25,2282,2285,102,30
25,1306,2285,101,30
25,2288,2287,102,80
25,2288,2291,103,10
25,1306,2291,101,10
25,2294,2293,103,40
25,2294,229,104,10
25,2292,2295,102,30
25,1306,2295,101,10
25,1316,2295,101,20
25,2298,2297,102,80
25,2298,2301,103,10
25,1316,2301,101,10
25,2304,2303,103,40
25,2304,229,104,10
25,2302,2305,102,30
25,1316,2305,101,30
25,2308,2307,102,80
25,2308,2311,103,10
25,1316,2311,101,10
25,2314,2313,103,40
25,2314,239,104,10
25,2312,2315,102,30
25,1326,2315,101,30
25,2318,2317,102,80
25,2318,2321,103,10
25,1326,2321,101,10
25,2324,2323,103,40
25,2324,239,104,10
25,2322,2325,102,30
25,1326,2325,101,30
25,2328,2327,102,80
25,2328,2331,103,10
25,1336,2331,101,10
25,2334,2333,103,40
25,2334,239,104,10
25,2332,2335,102,30
25,1336,2335,101,30
25,2338,2337,102,80
25,2338,2341,103,10
25,1336,2341,101,10
25,2344,2343,103,40
25,2344,239,104,10
25,2342,2345,102,30
25,1336,2345,101,20
25,1346,2345,101,10
25,2348,2347,102,80
25,2348,2351,103,10
25,1346,2351,101,10
25,2354,2353,103,40
25,2354,239,104,10
25,2352,2355,102,30
25,1346,2355,101,30
25,2358,2357,102,80
25,2358,2361,103,10
25,1346,2361,101,10
25,2364,2363,103,40
25,2364,239,104,10
25,2362,2365,102,30
25,1346,2365,101,10
25,1356,2365,101,20
25,2368,2367,102,80
25,2368,2371,103,10
25,1356,2371,101,10
25,2374,2373,103,40
25,2374,239,104,10
25,2372,2375,102,30
25,1356,2375,101,30
25,2378,2377,102,80
25,2378,2381,103,10
25,1356,2381,101,10
25,2384,2383,103,40
25,2384,239,104,10
25,2382,2385,102,30
25,1366,2385,101,30
25,2388,2387,102,80
25,2388,2391,103,10
25,1366,2391,101,10
25,2394,2393,103,40
25,2394,239,104,10
25,2392,2395,102,30
25,1366,2395,101,30
25,2398,2397,102,80
25,2398,2401,103,10
25,1376,2401,101,10
25,2404,2403,103,40
25,2404,239,104,10
25,2402,2405,102,30
25,1376,2405,101,30
25,2408,2407,102,80
25,2408,2411,103,10
25,1376,2411,101,10
25,2414,2413,103,40
25,2414,249,104,10
25,2412,2415,102,30
25,1376,2415,101,20
25,1386,2415,101,10
25,2418,2417,102,80
25,2418,2421,103,10
25,1386,2421,101,10
25,2424,2423,103,40
25,2424,249,104,10
25,2422,2425,102,30
25,1386,2425,101,30
25,2428,2427,102,80
25,2428,2431,103,10
25,1386,2431,101,10
25,2434,2433,103,40
25,2434,249,104,10
25,2432,2435,102,30
25,1386,2435,101,10
25,1396,2435,101,20
25,2438,2437,102,80
25,2438,2441,103,10
25,1396,2441,101,10
25,2444,2443,103,40
25,2444,249,104,10
25,2442,2445,102,30
25,1396,2445,101,30
25,2448,2447,102,80
25,2448,2451,103,10
25,1396,2451,101,10
25,2454,2453,103,40
25,2454,249,104,10
25,2452,2455,102,30
25,1406,2455,101,30
25,2458,2457,102,80
25,2458,2461,103,10
25,1406,2461,101,10
25,2464,2463,103,40
25,2464,249,104,10
25,2462,2465,102,30
25,1406,2465,101,30
25,2468,2467,102,80
25,2468,2471,103,10
25,1416,2471,101,10
25,2474,2473,103,40
25,2474,249,104,10
25,2472,2475,102,30
25,1416,2475,101,30
25,2478,2477,102,80
25,2478,2481,103,10
25,1416,2481,101,10
25,2484,2483,103,40
25,2484,249,104,10
25,2482,2485,102,30
25,1416,2485,101,20
25,1426,2485,101,10
25,2488,2487,102,80
25,2488,2491,103,10
25,1426,2491,101,10
25,2494,2493,103,40
25,2494,249,104,10
25,2492,2495,102,30
25,1426,2495,101,30
25,2498,2497,102,80
25,2498,2501,103,10
25,1426,2501,101,10
25,2504,2503,103,40
25,2504,249,104,10
25,2502,2505,102,30
25,1426,2505,101,10
25,1436,2505,101,20
25,2508,2507,102,80
26,2508,2511,103,10
26,1436,2511,101,10
26,2514,2513,103,40
26,2514,259,104,10
26,2512,2515,102,30
26,1436,2515,101,30
26,2518,2517,102,80
26,2518,2521,103,10
26,1436,2521,101,10
26,2524,2523,103,40
26,2524,259,104,10
26,2522,2525,102,30
26,1446,2525,101,30
26,2528,2527,102,80
26,2528,2531,103,10
26,1446,2531,101,10
26,2534,2533,103,40
26,2534,259,104,10
26,2532,2535,102,30
26,1446,2535,101,30
26,2538,2537,102,80
26,2538,2541,103,10
26,1456,2541,101,10
26,2544,2543,103,40
26,2544,259,104,10
26,2542,2545,102,30
26,1456,2545,101,30
26,2548,2547,102,80
26,2548,2551,103,10
26,1456,2551,101,10
26,2554,2553,103,40
26,2554,259,104,10
26,2552,2555,102,30
26,1456,2555,101,20
26,1466,2555,101,10
26,2558,2557,102,80
26,2558,2561,103,10
26,1466,2561,101,10
26,2564,2563,103,40
26,2564,259,104,10
26,2562,2565,102,30
26,1466,2565,101,30
26,2568,2567,102,80
26,2568,2571,103,10
26,1466,2571,101,10
26,2574,2573,103,40
26,2574,259,104,10
26,2572,2575,102,30
26,1466,2575,101,10
26,1476,2575,101,20
26,2578,2577,102,80
26,2578,2581,103,10
26,1476,2581,101,10
26,2584,2583,103,40
26,2584,259,104,10
26,2582,2585,102,30
26,1476,2585,101,30
26,2588,2587,102,80
26,2588,2591,103,10
26,1476,2591,101,10
26,2594,2593,103,40
26,2594,259,104,10
26,2592,2595,102,30
26,1486,2595,101,30
26,2598,2597,102,80
26,2598,2601,103,10
26,1486,2601,101,10
26,2604,2603,103,40
26,2604,259,104,10
26,2602,2605,102,30
26,1486,2605,101,30
26,2608,2607,102,80
26,2608,2611,103,10
26,1496,2611,101,10
26,2614,2613,103,40
26,2614,269,104,10
26,2612,2615,102,30
26,1496,2615,101,30
26,2618,2617,102,80
26,2618,2621,103,10
26,1496,2621,101,10
26,2624,2623,103,40
26,2624,269,104,10
26,2622,2625,102,30
26,1496,2625,101,20
26,1506,2625,101,10
26,2628,2627,102,80
26,2628,2631,103,10
26,1506,2631,101,10
26,2634,2633,103,40
26,2634,269,104,10
26,2632,2635,102,30
26,1506,2635,101,30
26,2638,2637,102,80
26,2638,2641,103,10
26,1506,2641,101,10
26,2644,2643,103,40
26,2644,269,104,10
26,2642,2645,102,30
26,1506,2645,101,10
26,1516,2645,101,20
26,2648,2647,102,80
26,2648,2651,103,10
26,1516,2651,101,10
26,2654,2653,103,40
26,2654,269,104,10
26,2652,2655,102,30
26,1516,2655,101,30
26,2658,2657,102,80
26,2658,2661,103,10
26,1516,2661,101,10
26,2664,2663,103,40
26,2664,269,104,10
26,2662,2665,102,30
26,1526,2665,101,30
26,2668,2667,102,80
26,2668,2671,103,10
26,1526,2671,101,10
26,2674,2673,103,40
26,2674,269,104,10
26,2672,2675,102,30
26,1526,2675,101,30
26,2678,2677,102,80
26,2678,2681,103,10
26,1536,2681,101,10
26,2684,2683,103,40
26,2684,269,104,10
26,2682,2685,102,30
26,1536,2685,101,30
26,2688,2687,102,80
26,2688,2691,103,10
26,1536,2691,101,10
26,2694,2693,103,40
26,2694,269,104,10
26,2692,2695,102,30
26,1536,2695,101,20
26,1546,2695,101,10
26,2698,2697,102,80
26,2698,2701,103,10
26,1546,2701,101,10
26,2704,2703,103,40
26,2704,269,104,10
26,2702,2705,102,30
26,1546,2705,101,30
26,2708,2707,102,80
26,2708,2711,103,10
26,1546,2711,101,10
26,2714,2713,103,40
26,2714,279,104,10
26,2712,2715,102,30
26,1546,2715,101,10
26,1556,2715,101,20
26,2718,2717,102,80
26,2718,2721,103,10
26,1556,2721,101,10
26,2724,2723,103,40
26,2724,279,104,10
26,2722,2725,102,30
26,1556,2725,101,30
26,2728,2727,102,80
26,2728,2731,103,10
26,1556,2731,101,10
26,2734,2733,103,40
26,2734,279,104,10
26,2732,2735,102,30
26,1566,2735,101,30
26,2738,2737,102,80
26,2738,2741,103,10
26,1566,2741,101,10
26,2744,2743,103,40
26,2744,279,104,10
26,2742,2745,102,30
26,1566,2745,101,30
26,2748,2747,102,80
26,2748,2751,103,10
26,1576,2751,101,10
26,2754,2753,103,40
26,2754,279,104,10
26,2752,2755,102,30
26,1576,2755,101,30
26,2758,2757,102,80
26,2758,2761,103,10
26,1576,2761,101,10
26,2764,2763,103,40
26,2764,279,104,10
26,2762,2765,102,30
26,1576,2765,101,20
26,1586,2765,101,10
26,2768,2767,102,80
26,2768,2771,103,10
26,1586,2771,101,10
26,2774,2773,103,40
26,2774,279,104,10
26,2772,2775,102,30
26,1586,2775,101,30
26,2778,2777,102,80
26,2778,2781,103,10
26,1586,2781,101,10
26,2784,2783,103,40
26,2784,279,104,10
26,2782,2785,102,30
26,1586,2785,101,10
26,1596,2785,101,20
26,2788,2787,102,80
26,2788,2791,103,10
26,1596,2791,101,10
26,2794,2793,103,40
26,2794,279,104,10
26,2792,2795,102,30
26,1596,2795,101,30
26,2798,2797,102,80
26,2798,2801,103,10
26,1596,2801,101,10
26,2804,2803,103,40
26,2804,279,104,10
26,2802,2805,102,30
26,1606,2805,101,30
26,2808,2807,102,80
26,2808,2811,103,10
26,1606,2811,101,10
26,2814,2813,103,40
26,2814,289,104,10
26,2812,2815,102,30
26,1606,2815,101,30
26,2818,2817,102,80
26,2818,2821,103,10
26,1616,2821,101,10
26,2824,2823,103,40
26,2824,289,104,10
26,2822,2825,102,30
26,1616,2825,101,30
26,2828,2827,102,80
26,2828,2831,103,10
26,1616,2831,101,10
26,2834,2833,103,40
26,2834,289,104,10
26,2832,2835,102,30
26,1616,2835,101,20
26,1626,2835,101,10
26,2838,2837,102,80
26,2838,2841,103,10
26,1626,2841,101,10
26,2844,2843,103,40
26,2844,289,104,10
26,2842,2845,102,30
26,1626,2845,101,30
26,2848,2847,102,80
26,2848,2851,103,10
26,1626,2851,101,10
26,2854,2853,103,40
26,2854,289,104,10
26,2852,2855,102,30
26,1626,2855,101,10
26,1636,2855,101,20
26,2858,2857,102,80
26,2858,2861,103,10
26,1636,2861,101,10
26,2864,2863,103,40
26,2864,289,104,10
26,2862,2865,102,30
26,1636,2865,101,30
26,2868,2867,102,80
26,2868,2871,103,10
26,1636,2871,101,10
26,2874,2873,103,40
26,2874,289,104,10
26,2872,2875,102,30
26,1646,2875,101,30
26,2878,2877,102,80
26,2878,2881,103,10
26,1646,2881,101,10
26,2884,2883,103,40
26,2884,289,104,10
26,2882,2885,102,30
26,1646,2885,101,30
26,2888,2887,102,80
26,2888,2891,103,10
26,1656,2891,101,10
26,2894,2893,103,40
26,2894,289,104,10
26,2892,2895,102,30
26,1656,2895,101,30
26,2898,2897,102,80
26,2898,2901,103,10
26,1656,2901,101,10
26,2904,2903,103,40
26,2904,289,104,10
26,2902,2905,102,30
26,1656,2905,101,20
26,1666,2905,101,10
26,2908,2907,102,80
26,2908,2911,103,10
26,1666,2911,101,10
26,2914,2913,103,40
26,2914,299,104,10
26,2912,2915,102,30
26,1666,2915,101,30
26,2918,2917,102,80
26,2918,2921,103,10
26,1666,2921,101,10
26,2924,2923,103,40
26,2924,299,104,10
26,2922,2925,102,30
26,1666,2925,101,10
26,1676,2925,101,20
26,2928,2927,102,80
26,2928,2931,103,10
26,1676,2931,101,10
26,2934,2933,103,40
26,2934,299,104,10
26,2932,2935,102,30
26,1676,2935,101,30
26,2938,2937,102,80
26,2938,2941,103,10
26,1676,2941,101,10
26,2944,2943,103,40
26,2944,299,104,10
26,2942,2945,102,30
26,1686,2945,101,30
26,2948,2947,102,80
26,2948,2951,103,10
26,1686,2951,101,10
26,2954,2953,103,40
26,2954,299,104,10
26,2952,2955,102,30
26,1686,2955,101,30
26,2958,2957,102,80
26,2958,2961,103,10
26,1696,2961,101,10
26,2964,2963,103,40
26,2964,299,104,10
26,2962,2965,102,30
26,1696,2965,101,30
26,2968,2967,102,80
26,2968,2971,103,10
26,1696,2971,101,10
26,2974,2973,103,40
26,2974,299,104,10
26,2972,2975,102,30
26,1696,2975,101,20
26,1706,2975,101,10
26,2978,2977,102,80
26,2978,2981,103,10
26,1706,2981,101,10
26,2984,2983,103,40
26,2984,299,104,10
26,2982,2985,102,30
26,1706,2985,101,30
26,2988,2987,102,80
26,2988,2991,103,10
26,1706,2991,101,10
26,2994,2993,103,40
26,2994,299,104,10
26,2992,2995,102,30
26,1706,2995,101,10
26,1716,2995,101,20
26,2998,2997,102,80
26,2998,3001,103,10
26,1716,3001,101,10
26,3004,3003,103,40
26,3004,299,104,10
26,3002,3005,102,30
26,1716,3005,101,30
26,3008,3007,102,80
26,3008,3011,103,10
26,1716,3011,101,10
26,3014,3013,103,40
26,3014,309,104,10
26,3012,3015,102,30
26,1726,3015,101,30
26,3018,3017,102,80
26,3018,3021,103,10
26,1726,3021,101,10
26,3024,3023,103,40
26,3024,309,104,10
26,3022,3025,102,30
26,1726,3025,101,30
26,3028,3027,102,80
26,3028,3031,103,10
26,1736,3031,101,10
26,3034,3033,103,40
26,3034,309,104,10
26,3032,3035,102,30
26,1736,3035,101,30
26,3038,3037,102,80
26,3038,3041,103,10
26,1736,3041,101,10
26,3044,3043,103,40
26,3044,309,104,10
26,3042,3045,102,30
26,1736,3045,101,20
26,1746,3045,101,10
26,3048,3047,102,80
26,3048,3051,103,10
26,1746,3051,101,10
26,3054,3053,103,40
26,3054,309,104,10
26,3052,3055,102,30
26,1746,3055,101,30
26,3058,3057,102,80
26,3058,3061,103,10
26,1746,3061,101,10
26,3064,3063,103,40
26,3064,309,104,10
26,3062,3065,102,30
26,1746,3065,101,10
26,1756,3065,101,20
26,3068,3067,102,80
26,3068,3071,103,10
26,1756,3071,101,10
26,3074,3073,103,40
26,3074,309,104,10
26,3072,3075,102,30
26,1756,3075,101,30
26,3078,3077,102,80
26,3078,3081,103,10
26,1756,3081,101,10
26,3084,3083,103,40
26,3084,309,104,10
26,3082,3085,102,30
26,1766,3085,101,30
26,3088,3087,102,80
26,3088,3091,103,10
26,1766,3091,101,10
26,3094,3093,103,40
26,3094,309,104,10
26,3092,3095,102,30
26,1766,3095,101,30
26,3098,3097,102,80
26,3098,3101,103,10
26,1776,3101,101,10
26,3104,3103,103,40
26,3104,309,104,10
26,3102,3105,102,30
26,1776,3105,101,30
26,3108,3107,102,80
26,3108,3111,103,10
26,1776,3111,101,10
26,3114,3113,103,40
26,3114,319,104,10
26,3112,3115,102,30
26,1776,3115,101,20
26,1786,3115,101,10
26,3118,3117,102,80
26,3118,3121,103,10
26,1786,3121,101,10
26,3124,3123,103,40
26,3124,319,104,10
26,3122,3125,102,30
26,1786,3125,101,30
26,3128,3127,102,80
26,3128,3131,103,10
26,1786,3131,101,10
26,3134,3133,103,40
26,3134,319,104,10
26,3132,3135,102,30
26,1786,3135,101,10
26,1796,3135,101,20
26,3138,3137,102,80
26,3138,3141,103,10
26,1796,3141,101,10
26,3144,3143,103,40
26,3144,319,104,10
26,3142,3145,102,30
26,1796,3145,101,30
26,3148,3147,102,80
26,3148,3151,103,10
26,1796,3151,101,10
26,3154,3153,103,40
26,3154,319,104,10
26,3152,3155,102,30
26,1806,3155,101,30
26,3158,3157,102,80
26,3158,3161,103,10
26,1806,3161,101,10
26,3164,3163,103,40
26,3164,319,104,10
26,3162,3165,102,30
26,1806,3165,101,30
26,3168,3167,102,80
26,3168,3171,103,10
26,1816,3171,101,10
26,3174,3173,103,40
26,3174,319,104,10
26,3172,3175,102,30
26,1816,3175,101,30
26,3178,3177,102,80
26,3178,3181,103,10
26,1816,3181,101,10
26,3184,3183,103,40
26,3184,319,104,10
26,3182,3185,102,30
26,1816,3185,101,20
26,1826,3185,101,10
26,3188,3187,102,80
26,3188,3191,103,10
26,1826,3191,101,10
26,3194,3193,103,40
26,3194,319,104,10
26,3192,3195,102,30
26,1826,3195,101,30
26,3198,3197,102,80
26,3198,3201,103,10
26,1826,3201,101,10
26,3204,3203,103,40
26,3204,319,104,10
26,3202,3205,102,30
26,1826,3205,101,10
26,1836,3205,101,20
26,3208,3207,102,80
26,3208,3211,103,10
26,1836,3211,101,10
26,3214,3213,103,40
26,3214,329,104,10
26,3212,3215,102,30
26,1836,3215,101,30
26,3218,3217,102,80
26,3218,3221,103,10
26,1836,3221,101,10
26,3224,3223,103,40
26,3224,329,104,10
26,3222,3225,102,30
26,1846,3225,101,30
26,3228,3227,102,80
26,3228,3231,103,10
26,1846,3231,101,10
26,3234,3233,103,40
26,3234,329,104,10
26,3232,3235,102,30
26,1846,3235,101,30
26,3238,3237,102,80
26,3238,3241,103,10
26,1856,3241,101,10
26,3244,3243,103,40
26,3244,329,104,10
26,3242,3245,102,30
26,1856,3245,101,30
26,3248,3247,102,80
26,3248,3251,103,10
26,1856,3251,101,10
26,3254,3253,103,40
26,3254,329,104,10
26,3252,3255,102,30
26,1856,3255,101,20
26,1866,3255,101,10
26,3258,3257,102,80
26,3258,3261,103,10
26,1866,3261,101,10
26,3264,3263,103,40
26,3264,329,104,10
26,3262,3265,102,30
26,1866,3265,101,30
26,3268,3267,102,80
26,3268,3271,103,10
26,1866,3271,101,10
26,3274,3273,103,40
26,3274,329,104,10
26,3272,3275,102,30
26,1866,3275,101,10
26,1876,3275,101,20
26,3278,3277,102,80
26,3278,3281,103,10
26,1876,3281,101,10
26,3284,3283,103,40
26,3284,329,104,10
26,3282,3285,102,30
26,1876,3285,101,30
26,3288,3287,102,80
26,3288,3291,103,10
26,1876,3291,101,10
26,3294,3293,103,40
26,3294,329,104,10
26,3292,3295,102,30
26,1886,3295,101,30
26,3298,3297,102,80
26,3298,3301,103,10
26,1886,3301,101,10
26,3304,3303,103,40
26,3304,329,104,10
26,3302,3305,102,30
26,1886,3305,101,30
26,3308,3307,102,80
26,3308,3311,103,10
26,1896,3311,101,10
26,3314,3313,103,40
26,3314,339,104,10
26,3312,3315,102,30
26,1896,3315,101,30
26,3318,3317,102,80
26,3318,3321,103,10
26,1896,3321,101,10
26,3324,3323,103,40
26,3324,339,104,10
26,3322,3325,102,30
26,1896,3325,101,20
26,1906,3325,101,10
26,3328,3327,102,80
26,3328,3331,103,10
26,1906,3331,101,10
26,3334,3333,103,40
26,3334,339,104,10
26,3332,3335,102,30
26,1906,3335,101,30
26,3338,3337,102,80
26,3338,3341,103,10
26,1906,3341,101,10
26,3344,3343,103,40
26,3344,339,104,10
26,3342,3345,102,30
26,1906,3345,101,10
26,1916,3345,101,20
26,3348,3347,102,80
26,3348,3351,103,10
26,1916,3351,101,10
26,3354,3353,103,40
26,3354,339,104,10
26,3352,3355,102,30
26,1916,3355,101,30
26,3358,3357,102,80
26,3358,3361,103,10
26,1916,3361,101,10
26,3364,3363,103,40
26,3364,339,104,10
26,3362,3365,102,30
26,1926,3365,101,30
26,3368,3367,102,80
26,3368,3371,103,10
26,1926,3371,101,10
26,3374,3373,103,40
26,3374,339,104,10
26,3372,3375,102,30
26,1926,3375,101,30
26,3378,3377,102,80
26,3378,3381,103,10
26,1936,3381,101,10
26,3384,3383,103,40
26,3384,339,104,10
26,3382,3385,102,30
26,1936,3385,101,30
26,3388,3387,102,80
26,3388,3391,103,10
26,1936,3391,101,10
26,3394,3393,103,40
26,3394,339,104,10
26,3392,3395,102,30
26,1936,3395,101,20
26,1946,3395,101,10
26,3398,3397,102,80
26,3398,3401,103,10
26,1946,3401,101,10
26,3404,3403,103,40
26,3404,339,104,10
26,3402,3405,102,30
26,1946,3405,101,30
26,3408,3407,102,80
26,3408,3411,103,10
26,1946,3411,101,10
26,3414,3413,103,40
26,3414,349,104,10
26,3412,3415,102,30
26,1946,3415,101,10
26,1956,3415,101,20
26,3418,3417,102,80
26,3418,3421,103,10
26,1956,3421,101,10
26,3424,3423,103,40
26,3424,349,104,10
26,3422,3425,102,30
26,1956,3425,101,30
26,3428,3427,102,80
26,3428,3431,103,10
26,1956,3431,101,10
26,3434,3433,103,40
26,3434,349,104,10
26,3432,3435,102,30
26,1966,3435,101,30
26,3438,3437,102,80
26,3438,3441,103,10
26,1966,3441,101,10
26,3444,3443,103,40
26,3444,349,104,10
26,3442,3445,102,30
26,1966,3445,101,30
26,3448,3447,102,80
26,3448,3451,103,10
26,1976,3451,101,10
26,3454,3453,103,40
26,3454,349,104,10
26,3452,3455,102,30
26,1976,3455,101,30
26,3458,3457,102,80
26,3458,3461,103,10
26,1976,3461,101,10
26,3464,3463,103,40
26,3464,349,104,10
26,3462,3465,102,30
26,1976,3465,101,20
26,1986,3465,101,10
26,3468,3467,102,80
26,3468,3471,103,10
26,1986,3471,101,10
26,3474,3473,103,40
26,3474,349,104,10
26,3472,3475,102,30
26,1986,3475,101,30
26,3478,3477,102,80
26,3478,3481,103,10
26,1986,3481,101,10
26,3484,3483,103,40
26,3484,349,104,10
26,3482,3485,102,30
26,1986,3485,101,10
26,1996,3485,101,20
26,3488,3487,102,80
26,3488,3491,103,10
26,1996,3491,101,10
26,3494,3493,103,40
26,3494,349,104,10
26,3492,3495,102,30
26,1996,3495,101,30
26,3498,3497,102,80
26,3498,3501,103,10
26,1996,3501,101,10
26,3504,3503,103,40
26,3504,349,104,10
26,3502,3505,102,30
26,2006,3505,101,30
26,3508,3507,102,80
26,3508,3511,103,10
26,2006,3511,101,10
26,3514,3513,103,40
26,3514,359,104,10
26,3512,3515,102,30
26,2006,3515,101,30
26,3518,3517,102,80
26,3518,3521,103,10
26,2016,3521,101,10
26,3524,3523,103,40
26,3524,359,104,10
26,3522,3525,102,30
26,2016,3525,101,30
26,3528,3527,102,80
26,3528,3531,103,10
26,2016,3531,101,10
26,3534,3533,103,40
26,3534,359,104,10
26,3532,3535,102,30
26,2016,3535,101,20
26,2026,3535,101,10
26,3538,3537,102,80
26,3538,3541,103,10
26,2026,3541,101,10
26,3544,3543,103,40
26,3544,359,104,10
26,3542,3545,102,30
26,2026,3545,101,30
26,3548,3547,102,80
26,3548,3551,103,10
26,2026,3551,101,10
26,3554,3553,103,40
26,3554,359,104,10
26,3552,3555,102,30
26,2026,3555,101,10
26,2036,3555,101,20
26,3558,3557,102,80
26,3558,3561,103,10
26,2036,3561,101,10
26,3564,3563,103,40
26,3564,359,104,10
26,3562,3565,102,30
26,2036,3565,101,30
26,3568,3567,102,80
26,3568,3571,103,10
26,2036,3571,101,10
26,3574,3573,103,40
26,3574,359,104,10
26,3572,3575,102,30
26,2046,3575,101,30
26,3578,3577,102,80
26,3578,3581,103,10
26,2046,3581,101,10
26,3584,3583,103,40
26,3584,359,104,10
26,3582,3585,102,30
26,2046,3585,101,30
26,3588,3587,102,80
26,3588,3591,103,10
26,2056,3591,101,10
26,3594,3593,103,40
26,3594,359,104,10
26,3592,3595,102,30
26,2056,3595,101,30
26,3598,3597,102,80
26,3598,3601,103,10
26,2056,3601,101,10
26,3604,3603,103,40
26,3604,359,104,10
26,3602,3605,102,30
26,2056,3605,101,20
26,2066,3605,101,10
26,3608,3607,102,80
26,3608,3611,103,10
26,2066,3611,101,10
26,3614,3613,103,40
26,3614,369,104,10
26,3612,3615,102,30
26,2066,3615,101,30
26,3618,3617,102,80
26,3618,3621,103,10
26,2066,3621,101,10
26,3624,3623,103,40
26,3624,369,104,10
26,3622,3625,102,30
26,2066,3625,101,10
26,2076,3625,101,20
26,3628,3627,102,80
26,3628,3631,103,10
26,2076,3631,101,10
26,3634,3633,103,40
26,3634,369,104,10
26,3632,3635,102,30
26,2076,3635,101,30
26,3638,3637,102,80
26,3638,3641,103,10
26,2076,3641,101,10
26,3644,3643,103,40
26,3644,369,104,10
26,3642,3645,102,30
26,2086,3645,101,30
26,3648,3647,102,80
26,3648,3651,103,10
26,2086,3651,101,10
26,3654,3653,103,40
26,3654,369,104,10
26,3652,3655,102,30
26,2086,3655,101,30
26,3658,3657,102,80
26,3658,3661,103,10
26,2096,3661,101,10
26,3664,3663,103,40
26,3664,369,104,10
26,3662,3665,102,30
26,2096,3665,101,30
26,3668,3667,102,80
26,3668,3671,103,10
26,2096,3671,101,10
26,3674,3673,103,40
26,3674,369,104,10
26,3672,3675,102,30
26,2096,3675,101,20
26,2106,3675,101,10
26,3678,3677,102,80
26,3678,3681,103,10
26,2106,3681,101,10
26,3684,3683,103,40
26,3684,369,104,10
26,3682,3685,102,30
26,2106,3685,101,30
26,3688,3687,102,80
26,3688,3691,103,10
26,2106,3691,101,10
26,3694,3693,103,40
26,3694,369,104,10
26,3692,3695,102,30
26,2106,3695,101,10
26,2116,3695,101,20
26,3698,3697,102,80
26,3698,3701,103,10
26,2116,3701,101,10
26,3704,3703,103,40
26,3704,369,104,10
26,3702,3705,102,30
26,2116,3705,101,30
26,3708,3707,102,80
26,3708,3711,103,10
26,2116,3711,101,10
26,3714,3713,103,40
26,3714,379,104,10
26,3712,3715,102,30
26,2126,3715,101,30
26,3718,3717,102,80
26,3718,3721,103,10
26,2126,3721,101,10
26,3724,3723,103,40
26,3724,379,104,10
26,3722,3725,102,30
26,2126,3725,101,30
26,3728,3727,102,80
26,3728,3731,103,10
26,2136,3731,101,10
26,3734,3733,103,40
26,3734,379,104,10
26,3732,3735,102,30
26,2136,3735,101,30
26,3738,3737,102,80
26,3738,3741,103,10
26,2136,3741,101,10
26,3744,3743,103,40
26,3744,379,104,10
26,3742,3745,102,30
26,2136,3745,101,20
26,2146,3745,101,10
26,3748,3747,102,80
26,3748,3751,103,10
26,2146,3751,101,10
26,3754,3753,103,40
26,3754,379,104,10
26,3752,3755,102,30
26,2146,3755,101,30
26,3758,3757,102,80
26,3758,3761,103,10
26,2146,3761,101,10
26,3764,3763,103,40
26,3764,379,104,10
26,3762,3765,102,30
26,2146,3765,101,10
26,2156,3765,101,20
26,3768,3767,102,80
26,3768,3771,103,10
26,2156,3771,101,10
26,3774,3773,103,40
26,3774,379,104,10
26,3772,3775,102,30
26,2156,3775,101,30
26,3778,3777,102,80
26,3778,3781,103,10
26,2156,3781,101,10
26,3784,3783,103,40
26,3784,379,104,10
26,3782,3785,102,30
26,2166,3785,101,30
26,3788,3787,102,80
26,3788,3791,103,10
26,2166,3791,101,10
26,3794,3793,103,40
26,3794,379,104,10
26,3792,3795,102,30
26,2166,3795,101,30
26,3798,3797,102,80
26,3798,3801,103,10
26,2176,3801,101,10
26,3804,3803,103,40
26,3804,379,104,10
26,3802,3805,102,30
26,2176,3805,101,30
26,3808,3807,102,80
26,3808,3811,103,10
26,2176,3811,101,10
26,3814,3813,103,40
26,3814,389,104,10
26,3812,3815,102,30
26,2176,3815,101,20
26,2186,3815,101,10
26,3818,3817,102,80
26,3818,3821,103,10
26,2186,3821,101,10
26,3824,3823,103,40
26,3824,389,104,10
26,3822,3825,102,30
26,2186,3825,101,30
26,3828,3827,102,80
26,3828,3831,103,10
26,2186,3831,101,10
26,3834,3833,103,40
26,3834,389,104,10
26,3832,3835,102,30
26,2186,3835,101,10
26,2196,3835,101,20
26,3838,3837,102,80
26,3838,3841,103,10
26,2196,3841,101,10
26,3844,3843,103,40
26,3844,389,104,10
26,3842,3845,102,30
26,2196,3845,101,30
26,3848,3847,102,80
26,3848,3851,103,10
26,2196,3851,101,10
26,3854,3853,103,40
26,3854,389,104,10
26,3852,3855,102,30
26,2206,3855,101,30
26,3858,3857,102,80
26,3858,3861,103,10
26,2206,3861,101,10
26,3864,3863,103,40
26,3864,389,104,10
26,3862,3865,102,30
26,2206,3865,101,30
26,3868,3867,102,80
26,3868,3871,103,10
26,2216,3871,101,10
26,3874,3873,103,40
26,3874,389,104,10
26,3872,3875,102,30
26,2216,3875,101,30
26,3878,3877,102,80
26,3878,3881,103,10
26,2216,3881,101,10
26,3884,3883,103,40
26,3884,389,104,10
26,3882,3885,102,30
26,2216,3885,101,20
26,2226,3885,101,10
26,3888,3887,102,80
26,3888,3891,103,10
26,2226,3891,101,10
26,3894,3893,103,40
26,3894,389,104,10
26,3892,3895,102,30
26,2226,3895,101,30
26,3898,3897,102,80
26,3898,3901,103,10
26,2226,3901,101,10
26,3904,3903,103,40
26,3904,389,104,10
26,3902,3905,102,30
26,2226,3905,101,10
26,2236,3905,101,20
26,3908,3907,102,80
27,3908,3911,103,10
27,2236,3911,101,10
27,3914,3913,103,40
27,3914,399,104,10
27,3912,3915,102,30
27,2236,3915,101,30
27,3918,3917,102,80
27,3918,3921,103,10
27,2236,3921,101,10
27,3924,3923,103,40
27,3924,399,104,10
27,3922,3925,102,30
27,2246,3925,101,30
27,3928,3927,102,80
27,3928,3931,103,10
27,2246,3931,101,10
27,3934,3933,103,40
27,3934,399,104,10
27,3932,3935,102,30
27,2246,3935,101,30
27,3938,3937,102,80
27,3938,3941,103,10
27,2256,3941,101,10
27,3944,3943,103,40
27,3944,399,104,10
27,3942,3945,102,30
27,2256,3945,101,30
27,3948,3947,102,80
27,3948,3951,103,10
27,2256,3951,101,10
27,3954,3953,103,40
27,3954,399,104,10
27,3952,3955,102,30
27,2256,3955,101,20
27,2266,3955,101,10
27,3958,3957,102,80
27,3958,3961,103,10
27,2266,3961,101,10
27,3964,3963,103,40
27,3964,399,104,10
27,3962,3965,102,30
27,2266,3965,101,30
27,3968,3967,102,80
27,3968,3971,103,10
27,2266,3971,101,10
27,3974,3973,103,40
27,3974,399,104,10
27,3972,3975,102,30
27,2266,3975,101,10
27,2276,3975,101,20
27,3978,3977,102,80
27,3978,3981,103,10
27,2276,3981,101,10
27,3984,3983,103,40
27,3984,399,104,10
27,3982,3985,102,30
27,2276,3985,101,30
27,3988,3987,102,80
27,3988,3991,103,10
27,2276,3991,101,10
27,3994,3993,103,40
27,3994,399,104,10
27,3992,3995,102,30
27,2286,3995,101,30
27,3998,3997,102,80
27,3998,4001,103,10
27,2286,4001,101,10
27,4004,4003,103,40
27,4004,399,104,10
27,4002,4005,102,30
27,2286,4005,101,30
27,4008,4007,102,80
27,4008,4011,103,10
27,2296,4011,101,10
27,4014,4013,103,40
27,4014,409,104,10
27,4012,4015,102,30
27,2296,4015,101,30
27,4018,4017,102,80
27,4018,4021,103,10
27,2296,4021,101,10
27,4024,4023,103,40
27,4024,409,104,10
27,4022,4025,102,30
27,2296,4025,101,20
27,2306,4025,101,10
27,4028,4027,102,80
27,4028,4031,103,10
27,2306,4031,101,10
27,4034,4033,103,40
27,4034,409,104,10
27,4032,4035,102,30
27,2306,4035,101,30
27,4038,4037,102,80
27,4038,4041,103,10
27,2306,4041,101,10
27,4044,4043,103,40
27,4044,409,104,10
27,4042,4045,102,30
27,2306,4045,101,10
27,2316,4045,101,20
27,4048,4047,102,80
27,4048,4051,103,10
27,2316,4051,101,10
27,4054,4053,103,40
27,4054,409,104,10
27,4052,4055,102,30
27,2316,4055,101,30
27,4058,4057,102,80
27,4058,4061,103,10
27,2316,4061,101,10
27,4064,4063,103,40
27,4064,409,104,10
27,4062,4065,102,30
27,2326,4065,101,30
27,4068,4067,102,80
27,4068,4071,103,10
27,2326,4071,101,10
27,4074,4073,103,40
27,4074,409,104,10
27,4072,4075,102,30
27,2326,4075,101,30
27,4078,4077,102,80
27,4078,4081,103,10
27,2336,4081,101,10
27,4084,4083,103,40
27,4084,409,104,10
27,4082,4085,102,30
27,2336,4085,101,30
27,4088,4087,102,80
27,4088,4091,103,10
27,2336,4091,101,10
27,4094,4093,103,40
27,4094,409,104,10
27,4092,4095,102,30
27,2336,4095,101,20
27,2346,4095,101,10
27,4098,4097,102,80
27,4098,4101,103,10
27,2346,4101,101,10
27,4104,4103,103,40
27,4104,409,104,10
27,4102,4105,102,30
27,2346,4105,101,30
27,4108,4107,102,80
27,4108,4111,103,10
27,2346,4111,101,10
27,4114,4113,103,40
27,4114,419,104,10
27,4112,4115,102,30
27,2346,4115,101,10
27,2356,4115,101,20
27,4118,4117,102,80
27,4118,4121,103,10
27,2356,4121,101,10
27,4124,4123,103,40
27,4124,419,104,10
27,4122,4125,102,30
27,2356,4125,101,30
27,4128,4127,102,80
27,4128,4131,103,10
27,2356,4131,101,10
27,4134,4133,103,40
27,4134,419,104,10
27,4132,4135,102,30
27,2366,4135,101,30
27,4138,4137,102,80
27,4138,4141,103,10
27,2366,4141,101,10
27,4144,4143,103,40
27,4144,419,104,10
27,4142,4145,102,30
27,2366,4145,101,30
27,4148,4147,102,80
27,4148,4151,103,10
27,2376,4151,101,10
27,4154,4153,103,40
27,4154,419,104,10
27,4152,4155,102,30
27,2376,4155,101,30
27,4158,4157,102,80
27,4158,4161,103,10
27,2376,4161,101,10
27,4164,4163,103,40
27,4164,419,104,10
27,4162,4165,102,30
27,2376,4165,101,20
27,2386,4165,101,10
27,4168,4167,102,80
27,4168,4171,103,10
27,2386,4171,101,10
27,4174,4173,103,40
27,4174,419,104,10
27,4172,4175,102,30
27,2386,4175,101,30
27,4178,4177,102,80
27,4178,4181,103,10
27,2386,4181,101,10
27,4184,4183,103,40
27,4184,419,104,10
27,4182,4185,102,30
27,2386,4185,101,10
27,2396,4185,101,20
27,4188,4187,102,80
27,4188,4191,103,10
27,2396,4191,101,10
27,4194,4193,103,40
27,4194,419,104,10
27,4192,4195,102,30
27,2396,4195,101,30
27,4198,4197,102,80
27,4198,4201,103,10
27,2396,4201,101,10
27,4204,4203,103,40
27,4204,419,104,10
27,4202,4205,102,30
27,2406,4205,101,30
27,4208,4207,102,80
27,4208,4211,103,10
27,2406,4211,101,10
27,4214,4213,103,40
27,4214,429,104,10
27,4212,4215,102,30
27,2406,4215,101,30
27,4218,4217,102,80
27,4218,4221,103,10
27,2416,4221,101,10
27,4224,4223,103,40
27,4224,429,104,10
27,4222,4225,102,30
27,2416,4225,101,30
27,4228,4227,102,80
27,4228,4231,103,10
27,2416,4231,101,10
27,4234,4233,103,40
27,4234,429,104,10
27,4232,4235,102,30
27,2416,4235,101,20
27,2426,4235,101,10
27,4238,4237,102,80
27,4238,4241,103,10
27,2426,4241,101,10
27,4244,4243,103,40
27,4244,429,104,10
27,4242,4245,102,30
27,2426,4245,101,30
27,4248,4247,102,80
27,4248,4251,103,10
27,2426,4251,101,10
27,4254,4253,103,40
27,4254,429,104,10
27,4252,4255,102,30
27,2426,4255,101,10
27,2436,4255,101,20
27,4258,4257,102,80
27,4258,4261,103,10
27,2436,4261,101,10
27,4264,4263,103,40
27,4264,429,104,10
27,4262,4265,102,30
27,2436,4265,101,30
27,4268,4267,102,80
27,4268,4271,103,10
27,2436,4271,101,10
27,4274,4273,103,40
27,4274,429,104,10
27,4272,4275,102,30
27,2446,4275,101,30
27,4278,4277,102,80
27,4278,4281,103,10
27,2446,4281,101,10
27,4284,4283,103,40
27,4284,429,104,10
27,4282,4285,102,30
27,2446,4285,101,30
27,4288,4287,102,80
27,4288,4291,103,10
27,2456,4291,101,10
27,4294,4293,103,40
27,4294,429,104,10
27,4292,4295,102,30
27,2456,4295,101,30
27,4298,4297,102,80
27,4298,4301,103,10
27,2456,4301,101,10
27,4304,4303,103,40
27,4304,429,104,10
27,4302,4305,102,30
27,2456,4305,101,20
27,2466,4305,101,10
27,4308,4307,102,80
27,4308,4311,103,10
27,2466,4311,101,10
27,4314,4313,103,40
27,4314,439,104,10
27,4312,4315,102,30
27,2466,4315,101,30
27,4318,4317,102,80
27,4318,4321,103,10
27,2466,4321,101,10
27,4324,4323,103,40
27,4324,439,104,10
27,4322,4325,102,30
27,2466,4325,101,10
27,2476,4325,101,20
27,4328,4327,102,80
27,4328,4331,103,10
27,2476,4331,101,10
27,4334,4333,103,40
27,4334,439,104,10
27,4332,4335,102,30
27,2476,4335,101,30
27,4338,4337,102,80
27,4338,4341,103,10
27,2476,4341,101,10
27,4344,4343,103,40
27,4344,439,104,10
27,4342,4345,102,30
27,2486,4345,101,30
27,4348,4347,102,80
27,4348,4351,103,10
27,2486,4351,101,10
27,4354,4353,103,40
27,4354,439,104,10
27,4352,4355,102,30
27,2486,4355,101,30
27,4358,4357,102,80
27,4358,4361,103,10
27,2496,4361,101,10
27,4364,4363,103,40
27,4364,439,104,10
27,4362,4365,102,30
27,2496,4365,101,30
27,4368,4367,102,80
27,4368,4371,103,10
27,2496,4371,101,10
27,4374,4373,103,40
27,4374,439,104,10
27,4372,4375,102,30
27,2496,4375,101,20
27,2506,4375,101,10
27,4378,4377,102,80
27,4378,4381,103,10
27,2506,4381,101,10
27,4384,4383,103,40
27,4384,439,104,10
27,4382,4385,102,30
27,2506,4385,101,30
27,4388,4387,102,80
27,4388,4391,103,10
27,2506,4391,101,10
27,4394,4393,103,40
27,4394,439,104,10
27,4392,4395,102,30
27,2506,4395,101,10
27,2516,4395,101,20
27,4398,4397,102,80
27,4398,4401,103,10
27,2516,4401,101,10
27,4404,4403,103,40
27,4404,439,104,10
27,4402,4405,102,30
27,2516,4405,101,30
27,4408,4407,102,80
27,4408,4411,103,10
27,2516,4411,101,10
27,4414,4413,103,40
27,4414,449,104,10
27,4412,4415,102,30
27,2526,4415,101,30
27,4418,4417,102,80
27,4418,4421,103,10
27,2526,4421,101,10
27,4424,4423,103,40
27,4424,449,104,10
27,4422,4425,102,30
27,2526,4425,101,30
27,4428,4427,102,80
27,4428,4431,103,10
27,2536,4431,101,10
27,4434,4433,103,40
27,4434,449,104,10
27,4432,4435,102,30
27,2536,4435,101,30
27,4438,4437,102,80
27,4438,4441,103,10
27,2536,4441,101,10
27,4444,4443,103,40
27,4444,449,104,10
27,4442,4445,102,30
27,2536,4445,101,20
27,2546,4445,101,10
27,4448,4447,102,80
27,4448,4451,103,10
27,2546,4451,101,10
27,4454,4453,103,40
27,4454,449,104,10
27,4452,4455,102,30
27,2546,4455,101,30
27,4458,4457,102,80
27,4458,4461,103,10
27,2546,4461,101,10
27,4464,4463,103,40
27,4464,449,104,10
27,4462,4465,102,30
27,2546,4465,101,10
27,2556,4465,101,20
27,4468,4467,102,80
27,4468,4471,103,10
27,2556,4471,101,10
27,4474,4473,103,40
27,4474,449,104,10
27,4472,4475,102,30
27,2556,4475,101,30
27,4478,4477,102,80
27,4478,4481,103,10
27,2556,4481,101,10
27,4484,4483,103,40
27,4484,449,104,10
27,4482,4485,102,30
27,2566,4485,101,30
27,4488,4487,102,80
27,4488,4491,103,10
27,2566,4491,101,10
27,4494,4493,103,40
27,4494,449,104,10
27,4492,4495,102,30
27,2566,4495,101,30
27,4498,4497,102,80
27,4498,4501,103,10
27,2576,4501,101,10
27,4504,4503,103,40
27,4504,449,104,10
27,4502,4505,102,30
27,2576,4505,101,30
27,4508,4507,102,80
27,4508,4511,103,10
27,2576,4511,101,10
27,4514,4513,103,40
27,4514,459,104,10
27,4512,4515,102,30
27,2576,4515,101,20
27,2586,4515,101,10
27,4518,4517,102,80
27,4518,4521,103,10
27,2586,4521,101,10
27,4524,4523,103,40
27,4524,459,104,10
27,4522,4525,102,30
27,2586,4525,101,30
27,4528,4527,102,80
27,4528,4531,103,10
27,2586,4531,101,10
27,4534,4533,103,40
27,4534,459,104,10
27,4532,4535,102,30
27,2586,4535,101,10
27,2596,4535,101,20
27,4538,4537,102,80
27,4538,4541,103,10
27,2596,4541,101,10
27,4544,4543,103,40
27,4544,459,104,10
27,4542,4545,102,30
27,2596,4545,101,30
27,4548,4547,102,80
27,4548,4551,103,10
27,2596,4551,101,10
27,4554,4553,103,40
27,4554,459,104,10
27,4552,4555,102,30
27,2606,4555,101,30
27,4558,4557,102,80
27,4558,4561,103,10
27,2606,4561,101,10
27,4564,4563,103,40
27,4564,459,104,10
27,4562,4565,102,30
27,2606,4565,101,30
27,4568,4567,102,80
27,4568,4571,103,10
27,2616,4571,101,10
27,4574,4573,103,40
27,4574,459,104,10
27,4572,4575,102,30
27,2616,4575,101,30
27,4578,4577,102,80
27,4578,4581,103,10
27,2616,4581,101,10
27,4584,4583,103,40
27,4584,459,104,10
27,4582,4585,102,30
27,2616,4585,101,20
27,2626,4585,101,10
27,4588,4587,102,80
27,4588,4591,103,10
27,2626,4591,101,10
27,4594,4593,103,40
27,4594,459,104,10
27,4592,4595,102,30
27,2626,4595,101,30
27,4598,4597,102,80
27,4598,4601,103,10
27,2626,4601,101,10
27,4604,4603,103,40
27,4604,459,104,10
27,4602,4605,102,30
27,2626,4605,101,10
27,2636,4605,101,20
27,4608,4607,102,80
27,4608,4611,103,10
27,2636,4611,101,10
27,4614,4613,103,40
27,4614,469,104,10
27,4612,4615,102,30
27,2636,4615,101,30
27,4618,4617,102,80
27,4618,4621,103,10
27,2636,4621,101,10
27,4624,4623,103,40
27,4624,469,104,10
27,4622,4625,102,30
27,2646,4625,101,30
27,4628,4627,102,80
27,4628,4631,103,10
27,2646,4631,101,10
27,4634,4633,103,40
27,4634,469,104,10
27,4632,4635,102,30
27,2646,4635,101,30
27,4638,4637,102,80
27,4638,4641,103,10
27,2656,4641,101,10
27,4644,4643,103,40
27,4644,469,104,10
27,4642,4645,102,30
27,2656,4645,101,30
27,4648,4647,102,80
27,4648,4651,103,10
27,2656,4651,101,10
27,4654,4653,103,40
27,4654,469,104,10
27,4652,4655,102,30
27,2656,4655,101,20
27,2666,4655,101,10
27,4658,4657,102,80
27,4658,4661,103,10
27,2666,4661,101,10
27,4664,4663,103,40
27,4664,469,104,10
27,4662,4665,102,30
27,2666,4665,101,30
27,4668,4667,102,80
27,4668,4671,103,10
27,2666,4671,101,10
27,4674,4673,103,40
27,4674,469,104,10
27,4672,4675,102,30
27,2666,4675,101,10
27,2676,4675,101,20
27,4678,4677,102,80
27,4678,4681,103,10
27,2676,4681,101,10
27,4684,4683,103,40
27,4684,469,104,10
27,4682,4685,102,30
27,2676,4685,101,30
27,4688,4687,102,80
27,4688,4691,103,10
27,2676,4691,101,10
27,4694,4693,103,40
27,4694,469,104,10
27,4692,4695,102,30
27,2686,4695,101,30
27,4698,4697,102,80
27,4698,4701,103,10
27,2686,4701,101,10
27,4704,4703,103,40
27,4704,469,104,10
27,4702,4705,102,30
27,2686,4705,101,30
27,4708,4707,102,80
27,4708,4711,103,10
27,2696,4711,101,10
27,4714,4713,103,40
27,4714,479,104,10
27,4712,4715,102,30
27,2696,4715,101,30
27,4718,4717,102,80
27,4718,4721,103,10
27,2696,4721,101,10
27,4724,4723,103,40
27,4724,479,104,10
27,4722,4725,102,30
27,2696,4725,101,20
27,2706,4725,101,10
27,4728,4727,102,80
27,4728,4731,103,10
27,2706,4731,101,10
27,4734,4733,103,40
27,4734,479,104,10
27,4732,4735,102,30
27,2706,4735,101,30
27,4738,4737,102,80
27,4738,4741,103,10
27,2706,4741,101,10
27,4744,4743,103,40
27,4744,479,104,10
27,4742,4745,102,30
27,2706,4745,101,10
27,2716,4745,101,20
27,4748,4747,102,80
27,4748,4751,103,10
27,2716,4751,101,10
27,4754,4753,103,40
27,4754,479,104,10
27,4752,4755,102,30
27,2716,4755,101,30
27,4758,4757,102,80
27,4758,4761,103,10
27,2716,4761,101,10
27,4764,4763,103,40
27,4764,479,104,10
27,4762,4765,102,30
27,2726,4765,101,30
27,4768,4767,102,80
27,4768,4771,103,10
27,2726,4771,101,10
27,4774,4773,103,40
27,4774,479,104,10
27,4772,4775,102,30
27,2726,4775,101,30
27,4778,4777,102,80
27,4778,4781,103,10
27,2736,4781,101,10
27,4784,4783,103,40
27,4784,479,104,10
27,4782,4785,102,30
27,2736,4785,101,30
27,4788,4787,102,80
27,4788,4791,103,10
27,2736,4791,101,10
27,4794,4793,103,40
27,4794,479,104,10
27,4792,4795,102,30
27,2736,4795,101,20
27,2746,4795,101,10
27,4798,4797,102,80
27,4798,4801,103,10
27,2746,4801,101,10
27,4804,4803,103,40
27,4804,479,104,10
27,4802,4805,102,30
27,2746,4805,101,30
27,4808,4807,102,80
27,4808,4811,103,10
27,2746,4811,101,10
27,4814,4813,103,40
27,4814,489,104,10
27,4812,4815,102,30
27,2746,4815,101,10
27,2756,4815,101,20
27,4818,4817,102,80
27,4818,4821,103,10
27,2756,4821,101,10
27,4824,4823,103,40
27,4824,489,104,10
27,4822,4825,102,30
27,2756,4825,101,30
27,4828,4827,102,80
27,4828,4831,103,10
27,2756,4831,101,10
27,4834,4833,103,40
27,4834,489,104,10
27,4832,4835,102,30
27,2766,4835,101,30
27,4838,4837,102,80
27,4838,4841,103,10
27,2766,4841,101,10
27,4844,4843,103,40
27,4844,489,104,10
27,4842,4845,102,30
27,2766,4845,101,30
27,4848,4847,102,80
27,4848,4851,103,10
27,2776,4851,101,10
27,4854,4853,103,40
27,4854,489,104,10
27,4852,4855,102,30
27,2776,4855,101,30
27,4858,4857,102,80
27,4858,4861,103,10
27,2776,4861,101,10
27,4864,4863,103,40
27,4864,489,104,10
27,4862,4865,102,30
27,2776,4865,101,20
27,2786,4865,101,10
27,4868,4867,102,80
27,4868,4871,103,10
27,2786,4871,101,10
27,4874,4873,103,40
27,4874,489,104,10
27,4872,4875,102,30
27,2786,4875,101,30
27,4878,4877,102,80
27,4878,4881,103,10
27,2786,4881,101,10
27,4884,4883,103,40
27,4884,489,104,10
27,4882,4885,102,30
27,2786,4885,101,10
27,2796,4885,101,20
27,4888,4887,102,80
27,4888,4891,103,10
27,2796,4891,101,10
27,4894,4893,103,40
27,4894,489,104,10
27,4892,4895,102,30
27,2796,4895,101,30
27,4898,4897,102,80
27,4898,4901,103,10
27,2796,4901,101,10
27,4904,4903,103,40
27,4904,489,104,10
27,4902,4905,102,30
27,2806,4905,101,30
27,4908,4907,102,80
27,4908,4911,103,10
27,2806,4911,101,10
27,4914,4913,103,40
27,4914,499,104,10
27,4912,4915,102,30
27,2806,4915,101,30
27,4918,4917,102,80
27,4918,4921,103,10
27,2816,4921,101,10
27,4924,4923,103,40
27,4924,499,104,10
27,4922,4925,102,30
27,2816,4925,101,30
27,4928,4927,102,80
27,4928,4931,103,10
27,2816,4931,101,10
27,4934,4933,103,40
27,4934,499,104,10
27,4932,4935,102,30
27,2816,4935,101,20
27,2826,4935,101,10
27,4938,4937,102,80
27,4938,4941,103,10
27,2826,4941,101,10
27,4944,4943,103,40
27,4944,499,104,10
27,4942,4945,102,30
27,2826,4945,101,30
27,4948,4947,102,80
27,4948,4951,103,10
27,2826,4951,101,10
27,4954,4953,103,40
27,4954,499,104,10
27,4952,4955,102,30
27,2826,4955,101,10
27,2836,4955,101,20
27,4958,4957,102,80
27,4958,4961,103,10
27,2836,4961,101,10
27,4964,4963,103,40
27,4964,499,104,10
27,4962,4965,102,30
27,2836,4965,101,30
27,4968,4967,102,80
27,4968,4971,103,10
27,2836,4971,101,10
27,4974,4973,103,40
27,4974,499,104,10
27,4972,4975,102,30
27,2846,4975,101,30
27,4978,4977,102,80
27,4978,4981,103,10
27,2846,4981,101,10
27,4984,4983,103,40
27,4984,499,104,10
27,4982,4985,102,30
27,2846,4985,101,30
27,4988,4987,102,80
27,4988,4991,103,10
27,2856,4991,101,10
27,4994,4993,103,40
27,4994,499,104,10
27,4992,4995,102,30
27,2856,4995,101,30
27,4998,4997,102,80
27,4998,5001,103,10
27,2856,5001,101,10
27,5004,5003,103,40
27,5004,499,104,10
27,5002,5005,102,30
27,2856,5005,101,20
27,2866,5005,101,10
27,5008,5007,102,80
27,5008,5011,103,10
27,2866,5011,101,10
27,5014,5013,103,40
27,5014,509,104,10
27,5012,5015,102,30
27,2866,5015,101,30
27,5018,5017,102,80
27,5018,5021,103,10
27,2866,5021,101,10
27,5024,5023,103,40
27,5024,509,104,10
27,5022,5025,102,30
27,2866,5025,101,10
27,2876,5025,101,20
27,5028,5027,102,80
27,5028,5031,103,10
27,2876,5031,101,10
27,5034,5033,103,40
27,5034,509,104,10
27,5032,5035,102,30
27,2876,5035,101,30
27,5038,5037,102,80
27,5038,5041,103,10
27,2876,5041,101,10
27,5044,5043,103,40
27,5044,509,104,10
27,5042,5045,102,30
27,2886,5045,101,30
27,5048,5047,102,80
27,5048,5051,103,10
27,2886,5051,101,10
27,5054,5053,103,40
27,5054,509,104,10
27,5052,5055,102,30
27,2886,5055,101,30
27,5058,5057,102,80
27,5058,5061,103,10
27,2896,5061,101,10
27,5064,5063,103,40
27,5064,509,104,10
27,5062,5065,102,30
27,2896,5065,101,30
27,5068,5067,102,80
27,5068,5071,103,10
27,2896,5071,101,10
27,5074,5073,103,40
27,5074,509,104,10
27,5072,5075,102,30
27,2896,5075,101,20
27,2906,5075,101,10
27,5078,5077,102,80
27,5078,5081,103,10
27,2906,5081,101,10
27,5084,5083,103,40
27,5084,509,104,10
27,5082,5085,102,30
27,2906,5085,101,30
27,5088,5087,102,80
27,5088,5091,103,10
27,2906,5091,101,10
27,5094,5093,103,40
27,5094,509,104,10
27,5092,5095,102,30
27,2906,5095,101,10
27,2916,5095,101,20
27,5098,5097,102,80
27,5098,5101,103,10
27,2916,5101,101,10
27,5104,5103,103,40
27,5104,509,104,10
27,5102,5105,102,30
27,2916,5105,101,30
27,5108,5107,102,80
27,5108,5111,103,10
27,2916,5111,101,10
27,5114,5113,103,40
27,5114,519,104,10
27,5112,5115,102,30
27,2926,5115,101,30
27,5118,5117,102,80
27,5118,5121,103,10
27,2926,5121,101,10
27,5124,5123,103,40
27,5124,519,104,10
27,5122,5125,102,30
27,2926,5125,101,30
27,5128,5127,102,80
27,5128,5131,103,10
27,2936,5131,101,10
27,5134,5133,103,40
27,5134,519,104,10
27,5132,5135,102,30
27,2936,5135,101,30
27,5138,5137,102,80
27,5138,5141,103,10
27,2936,5141,101,10
27,5144,5143,103,40
27,5144,519,104,10
27,5142,5145,102,30
27,2936,5145,101,20
27,2946,5145,101,10
27,5148,5147,102,80
27,5148,5151,103,10
27,2946,5151,101,10
27,5154,5153,103,40
27,5154,519,104,10
27,5152,5155,102,30
27,2946,5155,101,30
27,5158,5157,102,80
27,5158,5161,103,10
27,2946,5161,101,10
27,5164,5163,103,40
27,5164,519,104,10
27,5162,5165,102,30
27,2946,5165,101,10
27,2956,5165,101,20
27,5168,5167,102,80
27,5168,5171,103,10
27,2956,5171,101,10
27,5174,5173,103,40
27,5174,519,104,10
27,5172,5175,102,30
27,2956,5175,101,30
27,5178,5177,102,80
27,5178,5181,103,10
27,2956,5181,101,10
27,5184,5183,103,40
27,5184,519,104,10
27,5182,5185,102,30
27,2966,5185,101,30
27,5188,5187,102,80
27,5188,5191,103,10
27,2966,5191,101,10
27,5194,5193,103,40
27,5194,519,104,10
27,5192,5195,102,30
27,2966,5195,101,30
27,5198,5197,102,80
27,5198,5201,103,10
27,2976,5201,101,10
27,5204,5203,103,40
27,5204,519,104,10
27,5202,5205,102,30
27,2976,5205,101,30
27,5208,5207,102,80
27,5208,5211,103,10
27,2976,5211,101,10
27,5214,5213,103,40
27,5214,529,104,10
27,5212,5215,102,30
27,2976,5215,101,20
27,2986,5215,101,10
27,5218,5217,102,80
27,5218,5221,103,10
27,2986,5221,101,10
27,5224,5223,103,40
27,5224,529,104,10
27,5222,5225,102,30
27,2986,5225,101,30
27,5228,5227,102,80
27,5228,5231,103,10
27,2986,5231,101,10
27,5234,5233,103,40
27,5234,529,104,10
27,5232,5235,102,30
27,2986,5235,101,10
27,2996,5235,101,20
27,5238,5237,102,80
27,5238,5241,103,10
27,2996,5241,101,10
27,5244,5243,103,40
27,5244,529,104,10
27,5242,5245,102,30
27,2996,5245,101,30
27,5248,5247,102,80
27,5248,5251,103,10
27,2996,5251,101,10
27,5254,5253,103,40
27,5254,529,104,10
27,5252,5255,102,30
27,3006,5255,101,30
27,5258,5257,102,80
27,5258,5261,103,10
27,3006,5261,101,10
27,5264,5263,103,40
27,5264,529,104,10
27,5262,5265,102,30
27,3006,5265,101,30
27,5268,5267,102,80
27,5268,5271,103,10
27,3016,5271,101,10
27,5274,5273,103,40
27,5274,529,104,10
27,5272,5275,102,30
27,3016,5275,101,30
27,5278,5277,102,80
27,5278,5281,103,10
27,3016,5281,101,10
27,5284,5283,103,40
27,5284,529,104,10
27,5282,5285,102,30
27,3016,5285,101,20
27,3026,5285,101,10
27,5288,5287,102,80
27,5288,5291,103,10
27,3026,5291,101,10
27,5294,5293,103,40
27,5294,529,104,10
27,5292,5295,102,30
27,3026,5295,101,30
27,5298,5297,102,80
27,5298,5301,103,10
27,3026,5301,101,10
27,5304,5303,103,40
27,5304,529,104,10
27,5302,5305,102,30
27,3026,5305,101,10
27,3036,5305,101,20
27,5308,5307,102,80
27,5308,5311,103,10
27,3036,5311,101,10
27,5314,5313,103,40
27,5314,539,104,10
27,5312,5315,102,30
27,3036,5315,101,30
27,5318,5317,102,80
27,5318,5321,103,10
27,3036,5321,101,10
27,5324,5323,103,40
27,5324,539,104,10
27,5322,5325,102,30
27,3046,5325,101,30
27,5328,5327,102,80
27,5328,5331,103,10
27,3046,5331,101,10
27,5334,5333,103,40
27,5334,539,104,10
27,5332,5335,102,30
27,3046,5335,101,30
27,5338,5337,102,80
27,5338,5341,103,10
27,3056,5341,101,10
27,5344,5343,103,40
27,5344,539,104,10
27,5342,5345,102,30
27,3056,5345,101,30
27,5348,5347,102,80
27,5348,5351,103,10
27,3056,5351,101,10
27,5354,5353,103,40
28,5354,539,104,10
28,5352,5355,102,30
28,3056,5355,101,20
28,3066,5355,101,10
28,5358,5357,102,80
28,5358,5361,103,10
28,3066,5361,101,10
28,5364,5363,103,40
28,5364,539,104,10
28,5362,5365,102,30
28,3066,5365,101,30
28,5368,5367,102,80
28,5368,5371,103,10
28,3066,5371,101,10
28,5374,5373,103,40
28,5374,539,104,10
28,5372,5375,102,30
28,3066,5375,101,10
28,3076,5375,101,20
28,5378,5377,102,80
28,5378,5381,103,10
28,3076,5381,101,10
28,5384,5383,103,40
28,5384,539,104,10
28,5382,5385,102,30
28,3076,5385,101,30
28,5388,5387,102,80
28,5388,5391,103,10
28,3076,5391,101,10
28,5394,5393,103,40
28,5394,539,104,10
28,5392,5395,102,30
28,3086,5395,101,30
28,5398,5397,102,80
28,5398,5401,103,10
28,3086,5401,101,10
28,5404,5403,103,40
28,5404,539,104,10
28,5402,5405,102,30
28,3086,5405,101,30
28,5408,5407,102,80
28,5408,5411,103,10
28,3096,5411,101,10
28,5414,5413,103,40
28,5414,549,104,10
28,5412,5415,102,30
28,3096,5415,101,30
28,5418,5417,102,80
28,5418,5421,103,10
28,3096,5421,101,10
28,5424,5423,103,40
28,5424,549,104,10
28,5422,5425,102,30
28,3096,5425,101,20
28,3106,5425,101,10
28,5428,5427,102,80
28,5428,5431,103,10
28,3106,5431,101,10
28,5434,5433,103,40
28,5434,549,104,10
28,5432,5435,102,30
28,3106,5435,101,30
28,5438,5437,102,80
28,5438,5441,103,10
28,3106,5441,101,10
28,5444,5443,103,40
28,5444,549,104,10
28,5442,5445,102,30
28,3106,5445,101,10
28,3116,5445,101,20
28,5448,5447,102,80
28,5448,5451,103,10
28,3116,5451,101,10
28,5454,5453,103,40
28,5454,549,104,10
28,5452,5455,102,30
28,3116,5455,101,30
28,5458,5457,102,80
28,5458,5461,103,10
28,3116,5461,101,10
28,5464,5463,103,40
28,5464,549,104,10
28,5462,5465,102,30
28,3126,5465,101,30
28,5468,5467,102,80
28,5468,5471,103,10
28,3126,5471,101,10
28,5474,5473,103,40
28,5474,549,104,10
28,5472,5475,102,30
28,3126,5475,101,30
28,5478,5477,102,80
28,5478,5481,103,10
28,3136,5481,101,10
28,5484,5483,103,40
28,5484,549,104,10
28,5482,5485,102,30
28,3136,5485,101,30
28,5488,5487,102,80
28,5488,5491,103,10
28,3136,5491,101,10
28,5494,5493,103,40
28,5494,549,104,10
28,5492,5495,102,30
28,3136,5495,101,20
28,3146,5495,101,10
28,5498,5497,102,80
28,5498,5501,103,10
28,3146,5501,101,10
28,5504,5503,103,40
28,5504,549,104,10
28,5502,5505,102,30
28,3146,5505,101,30
28,5508,5507,102,80
28,5508,5511,103,10
28,3146,5511,101,10
28,5514,5513,103,40
28,5514,559,104,10
28,5512,5515,102,30
28,3146,5515,101,10
28,3156,5515,101,20
28,5518,5517,102,80
28,5518,5521,103,10
28,3156,5521,101,10
28,5524,5523,103,40
28,5524,559,104,10
28,5522,5525,102,30
28,3156,5525,101,30
28,5528,5527,102,80
28,5528,5531,103,10
28,3156,5531,101,10
28,5534,5533,103,40
28,5534,559,104,10
28,5532,5535,102,30
28,3166,5535,101,30
28,5538,5537,102,80
28,5538,5541,103,10
28,3166,5541,101,10
28,5544,5543,103,40
28,5544,559,104,10
28,5542,5545,102,30
28,3166,5545,101,30
28,5548,5547,102,80
28,5548,5551,103,10
28,3176,5551,101,10
28,5554,5553,103,40
28,5554,559,104,10
28,5552,5555,102,30
28,3176,5555,101,30
28,5558,5557,102,80
28,5558,5561,103,10
28,3176,5561,101,10
28,5564,5563,103,40
28,5564,559,104,10
28,5562,5565,102,30
28,3176,5565,101,20
28,3186,5565,101,10
28,5568,5567,102,80
28,5568,5571,103,10
28,3186,5571,101,10
28,5574,5573,103,40
28,5574,559,104,10
28,5572,5575,102,30
28,3186,5575,101,30
28,5578,5577,102,80
28,5578,5581,103,10
28,3186,5581,101,10
28,5584,5583,103,40
28,5584,559,104,10
28,5582,5585,102,30
28,3186,5585,101,10
28,3196,5585,101,20
28,5588,5587,102,80
28,5588,5591,103,10
28,3196,5591,101,10
28,5594,5593,103,40
28,5594,559,104,10
28,5592,5595,102,30
28,3196,5595,101,30
28,5598,5597,102,80
28,5598,5601,103,10
28,3196,5601,101,10
28,5604,5603,103,40
28,5604,559,104,10
28,5602,5605,102,30
28,3206,5605,101,30
28,5608,5607,102,80
28,5608,5611,103,10
28,3206,5611,101,10
28,5614,5613,103,40
28,5614,569,104,10
28,5612,5615,102,30
28,3206,5615,101,30
28,5618,5617,102,80
28,5618,5621,103,10
28,3216,5621,101,10
28,5624,5623,103,40
28,5624,569,104,10
28,5622,5625,102,30
28,3216,5625,101,30
28,5628,5627,102,80
28,5628,5631,103,10
28,3216,5631,101,10
28,5634,5633,103,40
28,5634,569,104,10
28,5632,5635,102,30
28,3216,5635,101,20
28,3226,5635,101,10
28,5638,5637,102,80
28,5638,5641,103,10
28,3226,5641,101,10
28,5644,5643,103,40
28,5644,569,104,10
28,5642,5645,102,30
28,3226,5645,101,30
28,5648,5647,102,80
28,5648,5651,103,10
28,3226,5651,101,10
28,5654,5653,103,40
28,5654,569,104,10
28,5652,5655,102,30
28,3226,5655,101,10
28,3236,5655,101,20
28,5658,5657,102,80
28,5658,5661,103,10
28,3236,5661,101,10
28,5664,5663,103,40
28,5664,569,104,10
28,5662,5665,102,30
28,3236,5665,101,30
28,5668,5667,102,80
28,5668,5671,103,10
28,3236,5671,101,10
28,5674,5673,103,40
28,5674,569,104,10
28,5672,5675,102,30
28,3246,5675,101,30
28,5678,5677,102,80
28,5678,5681,103,10
28,3246,5681,101,10
28,5684,5683,103,40
28,5684,569,104,10
28,5682,5685,102,30
28,3246,5685,101,30
28,5688,5687,102,80
28,5688,5691,103,10
28,3256,5691,101,10
28,5694,5693,103,40
28,5694,569,104,10
28,5692,5695,102,30
28,3256,5695,101,30
28,5698,5697,102,80
28,5698,5701,103,10
28,3256,5701,101,10
28,5704,5703,103,40
28,5704,569,104,10
28,5702,5705,102,30
28,3256,5705,101,20
28,3266,5705,101,10
28,5708,5707,102,80
28,5708,5711,103,10
28,3266,5711,101,10
28,5714,5713,103,40
28,5714,579,104,10
28,5712,5715,102,30
28,3266,5715,101,30
28,5718,5717,102,80
28,5718,5721,103,10
28,3266,5721,101,10
28,5724,5723,103,40
28,5724,579,104,10
28,5722,5725,102,30
28,3266,5725,101,10
28,3276,5725,101,20
28,5728,5727,102,80
28,5728,5731,103,10
28,3276,5731,101,10
28,5734,5733,103,40
28,5734,579,104,10
28,5732,5735,102,30
28,3276,5735,101,30
28,5738,5737,102,80
28,5738,5741,103,10
28,3276,5741,101,10
28,5744,5743,103,40
28,5744,579,104,10
28,5742,5745,102,30
28,3286,5745,101,30
28,5748,5747,102,80
28,5748,5751,103,10
28,3286,5751,101,10
28,5754,5753,103,40
28,5754,579,104,10
28,5752,5755,102,30
28,3286,5755,101,30
28,5758,5757,102,80
28,5758,5761,103,10
28,3296,5761,101,10
28,5764,5763,103,40
28,5764,579,104,10
28,5762,5765,102,30
28,3296,5765,101,30
28,5768,5767,102,80
28,5768,5771,103,10
28,3296,5771,101,10
28,5774,5773,103,40
28,5774,579,104,10
28,5772,5775,102,30
28,3296,5775,101,20
28,3306,5775,101,10
28,5778,5777,102,80
28,5778,5781,103,10
28,3306,5781,101,10
28,5784,5783,103,40
28,5784,579,104,10
28,5782,5785,102,30
28,3306,5785,101,30
28,5788,5787,102,80
28,5788,5791,103,10
28,3306,5791,101,10
28,5794,5793,103,40
28,5794,579,104,10
28,5792,5795,102,30
28,3306,5795,101,10
28,3316,5795,101,20
28,5798,5797,102,80
28,5798,5801,103,10
28,3316,5801,101,10
28,5804,5803,103,40
28,5804,579,104,10
28,5802,5805,102,30
28,3316,5805,101,30
28,5808,5807,102,80
28,5808,5811,103,10
28,3316,5811,101,10
28,5814,5813,103,40
28,5814,589,104,10
28,5812,5815,102,30
28,3326,5815,101,30
28,5818,5817,102,80
28,5818,5821,103,10
28,3326,5821,101,10
28,5824,5823,103,40
28,5824,589,104,10
28,5822,5825,102,30
28,3326,5825,101,30
28,5828,5827,102,80
28,5828,5831,103,10
28,3336,5831,101,10
28,5834,5833,103,40
28,5834,589,104,10
28,5832,5835,102,30
28,3336,5835,101,30
28,5838,5837,102,80
28,5838,5841,103,10
28,3336,5841,101,10
28,5844,5843,103,40
28,5844,589,104,10
28,5842,5845,102,30
28,3336,5845,101,20
28,3346,5845,101,10
28,5848,5847,102,80
28,5848,5851,103,10
28,3346,5851,101,10
28,5854,5853,103,40
28,5854,589,104,10
28,5852,5855,102,30
28,3346,5855,101,30
28,5858,5857,102,80
28,5858,5861,103,10
28,3346,5861,101,10
28,5864,5863,103,40
28,5864,589,104,10
28,5862,5865,102,30
28,3346,5865,101,10
28,3356,5865,101,20
28,5868,5867,102,80
28,5868,5871,103,10
28,3356,5871,101,10
28,5874,5873,103,40
28,5874,589,104,10
28,5872,5875,102,30
28,3356,5875,101,30
28,5878,5877,102,80
28,5878,5881,103,10
28,3356,5881,101,10
28,5884,5883,103,40
28,5884,589,104,10
28,5882,5885,102,30
28,3366,5885,101,30
28,5888,5887,102,80
28,5888,5891,103,10
28,3366,5891,101,10
28,5894,5893,103,40
28,5894,589,104,10
28,5892,5895,102,30
28,3366,5895,101,30
28,5898,5897,102,80
28,5898,5901,103,10
28,3376,5901,101,10
28,5904,5903,103,40
28,5904,589,104,10
28,5902,5905,102,30
28,3376,5905,101,30
28,5908,5907,102,80
28,5908,5911,103,10
28,3376,5911,101,10
28,5914,5913,103,40
28,5914,599,104,10
28,5912,5915,102,30
28,3376,5915,101,20
28,3386,5915,101,10
28,5918,5917,102,80
28,5918,5921,103,10
28,3386,5921,101,10
28,5924,5923,103,40
28,5924,599,104,10
28,5922,5925,102,30
28,3386,5925,101,30
28,5928,5927,102,80
28,5928,5931,103,10
28,3386,5931,101,10
28,5934,5933,103,40
28,5934,599,104,10
28,5932,5935,102,30
28,3386,5935,101,10
28,3396,5935,101,20
28,5938,5937,102,80
28,5938,5941,103,10
28,3396,5941,101,10
28,5944,5943,103,40
28,5944,599,104,10
28,5942,5945,102,30
28,3396,5945,101,30
28,5948,5947,102,80
28,5948,5951,103,10
28,3396,5951,101,10
28,5954,5953,103,40
28,5954,599,104,10
28,5952,5955,102,30
28,3406,5955,101,30
28,5958,5957,102,80
28,5958,5961,103,10
28,3406,5961,101,10
28,5964,5963,103,40
28,5964,599,104,10
28,5962,5965,102,30
28,3406,5965,101,30
28,5968,5967,102,80
28,5968,5971,103,10
28,3416,5971,101,10
28,5974,5973,103,40
28,5974,599,104,10
28,5972,5975,102,30
28,3416,5975,101,30
28,5978,5977,102,80
28,5978,5981,103,10
28,3416,5981,101,10
28,5984,5983,103,40
28,5984,599,104,10
28,5982,5985,102,30
28,3416,5985,101,20
28,3426,5985,101,10
28,5988,5987,102,80
28,5988,5991,103,10
28,3426,5991,101,10
28,5994,5993,103,40
28,5994,599,104,10
28,5992,5995,102,30
28,3426,5995,101,30
28,5998,5997,102,80
28,5998,6001,103,10
28,3426,6001,101,10
28,6004,6003,103,40
28,6004,599,104,10
28,6002,6005,102,30
28,3426,6005,101,10
28,3436,6005,101,20
28,6008,6007,102,80
28,6008,6011,103,10
28,3436,6011,101,10
28,6014,6013,103,40
28,6014,609,104,10
28,6012,6015,102,30
28,3436,6015,101,30
28,6018,6017,102,80
28,6018,6021,103,10
28,3436,6021,101,10
28,6024,6023,103,40
28,6024,609,104,10
28,6022,6025,102,30
28,3446,6025,101,30
28,6028,6027,102,80
28,6028,6031,103,10
28,3446,6031,101,10
28,6034,6033,103,40
28,6034,609,104,10
28,6032,6035,102,30
28,3446,6035,101,30
28,6038,6037,102,80
28,6038,6041,103,10
28,3456,6041,101,10
28,6044,6043,103,40
28,6044,609,104,10
28,6042,6045,102,30
28,3456,6045,101,30
28,6048,6047,102,80
28,6048,6051,103,10
28,3456,6051,101,10
28,6054,6053,103,40
28,6054,609,104,10
28,6052,6055,102,30
28,3456,6055,101,20
28,3466,6055,101,10
28,6058,6057,102,80
28,6058,6061,103,10
28,3466,6061,101,10
28,6064,6063,103,40
28,6064,609,104,10
28,6062,6065,102,30
28,3466,6065,101,30
28,6068,6067,102,80
28,6068,6071,103,10
28,3466,6071,101,10
28,6074,6073,103,40
28,6074,609,104,10
28,6072,6075,102,30
28,3466,6075,101,10
28,3476,6075,101,20
28,6078,6077,102,80
28,6078,6081,103,10
28,3476,6081,101,10
28,6084,6083,103,40
28,6084,609,104,10
28,6082,6085,102,30
28,3476,6085,101,30
28,6088,6087,102,80
28,6088,6091,103,10
28,3476,6091,101,10
28,6094,6093,103,40
28,6094,609,104,10
28,6092,6095,102,30
28,3486,6095,101,30
28,6098,6097,102,80
28,6098,6101,103,10
28,3486,6101,101,10
28,6104,6103,103,40
28,6104,609,104,10
28,6102,6105,102,30
28,3486,6105,101,30
28,6108,6107,102,80
28,6108,6111,103,10
28,3496,6111,101,10
28,6114,6113,103,40
28,6114,619,104,10
28,6112,6115,102,30
28,3496,6115,101,30
28,6118,6117,102,80
28,6118,6121,103,10
28,3496,6121,101,10
28,6124,6123,103,40
28,6124,619,104,10
28,6122,6125,102,30
28,3496,6125,101,20
28,3506,6125,101,10
28,6128,6127,102,80
28,6128,6131,103,10
28,3506,6131,101,10
28,6134,6133,103,40
28,6134,619,104,10
28,6132,6135,102,30
28,3506,6135,101,30
28,6138,6137,102,80
28,6138,6141,103,10
28,3506,6141,101,10
28,6144,6143,103,40
28,6144,619,104,10
28,6142,6145,102,30
28,3506,6145,101,10
28,3516,6145,101,20
28,6148,6147,102,80
28,6148,6151,103,10
28,3516,6151,101,10
28,6154,6153,103,40
28,6154,619,104,10
28,6152,6155,102,30
28,3516,6155,101,30
28,6158,6157,102,80
28,6158,6161,103,10
28,3516,6161,101,10
28,6164,6163,103,40
28,6164,619,104,10
28,6162,6165,102,30
28,3526,6165,101,30
28,6168,6167,102,80
28,6168,6171,103,10
28,3526,6171,101,10
28,6174,6173,103,40
28,6174,619,104,10
28,6172,6175,102,30
28,3526,6175,101,30
28,6178,6177,102,80
28,6178,6181,103,10
28,3536,6181,101,10
28,6184,6183,103,40
28,6184,619,104,10
28,6182,6185,102,30
28,3536,6185,101,30
28,6188,6187,102,80
28,6188,6191,103,10
28,3536,6191,101,10
28,6194,6193,103,40
28,6194,619,104,10
28,6192,6195,102,30
28,3536,6195,101,20
28,3546,6195,101,10
28,6198,6197,102,80
28,6198,6201,103,10
28,3546,6201,101,10
28,6204,6203,103,40
28,6204,619,104,10
28,6202,6205,102,30
28,3546,6205,101,30
28,6208,6207,102,80
28,6208,6211,103,10
28,3546,6211,101,10
28,6214,6213,103,40
28,6214,629,104,10
28,6212,6215,102,30
28,3546,6215,101,10
28,3556,6215,101,20
28,6218,6217,102,80
28,6218,6221,103,10
28,3556,6221,101,10
28,6224,6223,103,40
28,6224,629,104,10
28,6222,6225,102,30
28,3556,6225,101,30
28,6228,6227,102,80
28,6228,6231,103,10
28,3556,6231,101,10
28,6234,6233,103,40
28,6234,629,104,10
28,6232,6235,102,30
28,3566,6235,101,30
28,6238,6237,102,80
28,6238,6241,103,10
28,3566,6241,101,10
28,6244,6243,103,40
28,6244,629,104,10
28,6242,6245,102,30
28,3566,6245,101,30
28,6248,6247,102,80
28,6248,6251,103,10
28,3576,6251,101,10
28,6254,6253,103,40
28,6254,629,104,10
28,6252,6255,102,30
28,3576,6255,101,30
28,6258,6257,102,80
28,6258,6261,103,10
28,3576,6261,101,10
28,6264,6263,103,40
28,6264,629,104,10
28,6262,6265,102,30
28,3576,6265,101,20
28,3586,6265,101,10
28,6268,6267,102,80
28,6268,6271,103,10
28,3586,6271,101,10
28,6274,6273,103,40
28,6274,629,104,10
28,6272,6275,102,30
28,3586,6275,101,30
28,6278,6277,102,80
28,6278,6281,103,10
28,3586,6281,101,10
28,6284,6283,103,40
28,6284,629,104,10
28,6282,6285,102,30
28,3586,6285,101,10
28,3596,6285,101,20
28,6288,6287,102,80
28,6288,6291,103,10
28,3596,6291,101,10
28,6294,6293,103,40
28,6294,629,104,10
28,6292,6295,102,30
28,3596,6295,101,30
28,6298,6297,102,80
28,6298,6301,103,10
28,3596,6301,101,10
28,6304,6303,103,40
28,6304,629,104,10
28,6302,6305,102,30
28,3606,6305,101,30
28,6308,6307,102,80
28,6308,6311,103,10
28,3606,6311,101,10
28,6314,6313,103,40
28,6314,639,104,10
28,6312,6315,102,30
28,3606,6315,101,30
28,6318,6317,102,80
28,6318,6321,103,10
28,3616,6321,101,10
28,6324,6323,103,40
28,6324,639,104,10
28,6322,6325,102,30
28,3616,6325,101,30
28,6328,6327,102,80
28,6328,6331,103,10
28,3616,6331,101,10
28,6334,6333,103,40
28,6334,639,104,10
28,6332,6335,102,30
28,3616,6335,101,20
28,3626,6335,101,10
28,6338,6337,102,80
28,6338,6341,103,10
28,3626,6341,101,10
28,6344,6343,103,40
28,6344,639,104,10
28,6342,6345,102,30
28,3626,6345,101,30
28,6348,6347,102,80
28,6348,6351,103,10
28,3626,6351,101,10
28,6354,6353,103,40
28,6354,639,104,10
28,6352,6355,102,30
28,3626,6355,101,10
28,3636,6355,101,20
28,6358,6357,102,80
28,6358,6361,103,10
28,3636,6361,101,10
28,6364,6363,103,40
28,6364,639,104,10
28,6362,6365,102,30
28,3636,6365,101,30
28,6368,6367,102,80
28,6368,6371,103,10
28,3636,6371,101,10
28,6374,6373,103,40
28,6374,639,104,10
28,6372,6375,102,30
28,3646,6375,101,30
28,6378,6377,102,80
28,6378,6381,103,10
28,3646,6381,101,10
28,6384,6383,103,40
28,6384,639,104,10
28,6382,6385,102,30
28,3646,6385,101,30
28,6388,6387,102,80
28,6388,6391,103,10
28,3656,6391,101,10
28,6394,6393,103,40
28,6394,639,104,10
28,6392,6395,102,30
28,3656,6395,101,30
28,6398,6397,102,80
28,6398,6401,103,10
28,3656,6401,101,10
28,6404,6403,103,40
28,6404,639,104,10
28,6402,6405,102,30
28,3656,6405,101,20
28,3666,6405,101,10
28,6408,6407,102,80
28,6408,6411,103,10
28,3666,6411,101,10
28,6414,6413,103,40
28,6414,649,104,10
28,6412,6415,102,30
28,3666,6415,101,30
28,6418,6417,102,80
28,6418,6421,103,10
28,3666,6421,101,10
28,6424,6423,103,40
28,6424,649,104,10
28,6422,6425,102,30
28,3666,6425,101,10
28,3676,6425,101,20
28,6428,6427,102,80
28,6428,6431,103,10
28,3676,6431,101,10
28,6434,6433,103,40
28,6434,649,104,10
28,6432,6435,102,30
28,3676,6435,101,30
28,6438,6437,102,80
28,6438,6441,103,10
28,3676,6441,101,10
28,6444,6443,103,40
28,6444,649,104,10
28,6442,6445,102,30
28,3686,6445,101,30
28,6448,6447,102,80
28,6448,6451,103,10
28,3686,6451,101,10
28,6454,6453,103,40
28,6454,649,104,10
28,6452,6455,102,30
28,3686,6455,101,30
28,6458,6457,102,80
28,6458,6461,103,10
28,3696,6461,101,10
28,6464,6463,103,40
28,6464,649,104,10
28,6462,6465,102,30
28,3696,6465,101,30
28,6468,6467,102,80
28,6468,6471,103,10
28,3696,6471,101,10
28,6474,6473,103,40
28,6474,649,104,10
28,6472,6475,102,30
28,3696,6475,101,20
28,3706,6475,101,10
28,6478,6477,102,80
28,6478,6481,103,10
28,3706,6481,101,10
28,6484,6483,103,40
28,6484,649,104,10
28,6482,6485,102,30
28,3706,6485,101,30
28,6488,6487,102,80
28,6488,6491,103,10
28,3706,6491,101,10
28,6494,6493,103,40
28,6494,649,104,10
28,6492,6495,102,30
28,3706,6495,101,10
28,3716,6495,101,20
28,6498,6497,102,80
28,6498,6501,103,10
28,3716,6501,101,10
28,6504,6503,103,40
28,6504,649,104,10
28,6502,6505,102,30
28,3716,6505,101,30
28,6508,6507,102,80
28,6508,6511,103,10
28,3716,6511,101,10
28,6514,6513,103,40
28,6514,659,104,10
28,6512,6515,102,30
28,3726,6515,101,30
28,6518,6517,102,80
28,6518,6521,103,10
28,3726,6521,101,10
28,6524,6523,103,40
28,6524,659,104,10
28,6522,6525,102,30
28,3726,6525,101,30
28,6528,6527,102,80
28,6528,6531,103,10
28,3736,6531,101,10
28,6534,6533,103,40
28,6534,659,104,10
28,6532,6535,102,30
28,3736,6535,101,30
28,6538,6537,102,80
28,6538,6541,103,10
28,3736,6541,101,10
28,6544,6543,103,40
28,6544,659,104,10
28,6542,6545,102,30
28,3736,6545,101,20
28,3746,6545,101,10
28,6548,6547,102,80
28,6548,6551,103,10
28,3746,6551,101,10
28,6554,6553,103,40
28,6554,659,104,10
28,6552,6555,102,30
28,3746,6555,101,30
28,6558,6557,102,80
28,6558,6561,103,10
28,3746,6561,101,10
28,6564,6563,103,40
28,6564,659,104,10
28,6562,6565,102,30
28,3746,6565,101,10
28,3756,6565,101,20
28,6568,6567,102,80
28,6568,6571,103,10
28,3756,6571,101,10
28,6574,6573,103,40
28,6574,659,104,10
28,6572,6575,102,30
28,3756,6575,101,30
28,6578,6577,102,80
28,6578,6581,103,10
28,3756,6581,101,10
28,6584,6583,103,40
28,6584,659,104,10
28,6582,6585,102,30
28,3766,6585,101,30
28,6588,6587,102,80
28,6588,6591,103,10
28,3766,6591,101,10
28,6594,6593,103,40
28,6594,659,104,10
28,6592,6595,102,30
28,3766,6595,101,30
28,6598,6597,102,80
28,6598,6601,103,10
28,3776,6601,101,10
28,6604,6603,103,40
28,6604,659,104,10
28,6602,6605,102,30
28,3776,6605,101,30
28,6608,6607,102,80
28,6608,6611,103,10
28,3776,6611,101,10
28,6614,6613,103,40
28,6614,669,104,10
28,6612,6615,102,30
28,3776,6615,101,20
28,3786,6615,101,10
28,6618,6617,102,80
28,6618,6621,103,10
28,3786,6621,101,10
28,6624,6623,103,40
28,6624,669,104,10
28,6622,6625,102,30
28,3786,6625,101,30
28,6628,6627,102,80
28,6628,6631,103,10
28,3786,6631,101,10
28,6634,6633,103,40
28,6634,669,104,10
28,6632,6635,102,30
28,3786,6635,101,10
28,3796,6635,101,20
28,6638,6637,102,80
28,6638,6641,103,10
28,3796,6641,101,10
28,6644,6643,103,40
28,6644,669,104,10
28,6642,6645,102,30
28,3796,6645,101,30
28,6648,6647,102,80
28,6648,6651,103,10
28,3796,6651,101,10
28,6654,6653,103,40
28,6654,669,104,10
28,6652,6655,102,30
28,3806,6655,101,30
28,6658,6657,102,80
28,6658,6661,103,10
28,3806,6661,101,10
28,6664,6663,103,40
28,6664,669,104,10
28,6662,6665,102,30
28,3806,6665,101,30
28,6668,6667,102,80
28,6668,6671,103,10
28,3816,6671,101,10
28,6674,6673,103,40
28,6674,669,104,10
28,6672,6675,102,30
28,3816,6675,101,30
28,6678,6677,102,80
28,6678,6681,103,10
28,3816,6681,101,10
28,6684,6683,103,40
28,6684,669,104,10
28,6682,6685,102,30
28,3816,6685,101,20
28,3826,6685,101,10
28,6688,6687,102,80
28,6688,6691,103,10
28,3826,6691,101,10
28,6694,6693,103,40
28,6694,669,104,10
28,6692,6695,102,30
28,3826,6695,101,30
28,6698,6697,102,80
28,6698,6701,103,10
29,3826,6701,101,10
29,6704,6703,103,40
29,6704,669,104,10
29,6702,6705,102,30
29,3826,6705,101,10
29,3836,6705,101,20
29,6708,6707,102,80
29,6708,6711,103,10
29,3836,6711,101,10
29,6714,6713,103,40
29,6714,679,104,10
29,6712,6715,102,30
29,3836,6715,101,30
29,6718,6717,102,80
29,6718,6721,103,10
29,3836,6721,101,10
29,6724,6723,103,40
29,6724,679,104,10
29,6722,6725,102,30
29,3846,6725,101,30
29,6728,6727,102,80
29,6728,6731,103,10
29,3846,6731,101,10
29,6734,6733,103,40
29,6734,679,104,10
29,6732,6735,102,30
29,3846,6735,101,30
29,6738,6737,102,80
29,6738,6741,103,10
29,3856,6741,101,10
29,6744,6743,103,40
29,6744,679,104,10
29,6742,6745,102,30
29,3856,6745,101,30
29,6748,6747,102,80
29,6748,6751,103,10
29,3856,6751,101,10
29,6754,6753,103,40
29,6754,679,104,10
29,6752,6755,102,30
29,3856,6755,101,20
29,3866,6755,101,10
29,6758,6757,102,80
29,6758,6761,103,10
29,3866,6761,101,10
29,6764,6763,103,40
29,6764,679,104,10
29,6762,6765,102,30
29,3866,6765,101,30
29,6768,6767,102,80
29,6768,6771,103,10
29,3866,6771,101,10
29,6774,6773,103,40
29,6774,679,104,10
29,6772,6775,102,30
29,3866,6775,101,10
29,3876,6775,101,20
29,6778,6777,102,80
29,6778,6781,103,10
29,3876,6781,101,10
29,6784,6783,103,40
29,6784,679,104,10
29,6782,6785,102,30
29,3876,6785,101,30
29,6788,6787,102,80
29,6788,6791,103,10
29,3876,6791,101,10
29,6794,6793,103,40
29,6794,679,104,10
29,6792,6795,102,30
29,3886,6795,101,30
29,6798,6797,102,80
29,6798,6801,103,10
29,3886,6801,101,10
29,6804,6803,103,40
29,6804,679,104,10
29,6802,6805,102,30
29,3886,6805,101,30
29,6808,6807,102,80
29,6808,6811,103,10
29,3896,6811,101,10
29,6814,6813,103,40
29,6814,689,104,10
29,6812,6815,102,30
29,3896,6815,101,30
29,6818,6817,102,80
29,6818,6821,103,10
29,3896,6821,101,10
29,6824,6823,103,40
29,6824,689,104,10
29,6822,6825,102,30
29,3896,6825,101,20
29,3906,6825,101,10
29,6828,6827,102,80
29,6828,6831,103,10
29,3906,6831,101,10
29,6834,6833,103,40
29,6834,689,104,10
29,6832,6835,102,30
29,3906,6835,101,30
29,6838,6837,102,80
29,6838,6841,103,10
29,3906,6841,101,10
29,6844,6843,103,40
29,6844,689,104,10
29,6842,6845,102,30
29,3906,6845,101,10
29,3916,6845,101,20
29,6848,6847,102,80
29,6848,6851,103,10
29,3916,6851,101,10
29,6854,6853,103,40
29,6854,689,104,10
29,6852,6855,102,30
29,3916,6855,101,30
29,6858,6857,102,80
29,6858,6861,103,10
29,3916,6861,101,10
29,6864,6863,103,40
29,6864,689,104,10
29,6862,6865,102,30
29,3926,6865,101,30
29,6868,6867,102,80
29,6868,6871,103,10
29,3926,6871,101,10
29,6874,6873,103,40
29,6874,689,104,10
29,6872,6875,102,30
29,3926,6875,101,30
29,6878,6877,102,80
29,6878,6881,103,10
29,3936,6881,101,10
29,6884,6883,103,40
29,6884,689,104,10
29,6882,6885,102,30
29,3936,6885,101,30
29,6888,6887,102,80
29,6888,6891,103,10
29,3936,6891,101,10
29,6894,6893,103,40
29,6894,689,104,10
29,6892,6895,102,30
29,3936,6895,101,20
29,3946,6895,101,10
29,6898,6897,102,80
29,6898,6901,103,10
29,3946,6901,101,10
29,6904,6903,103,40
29,6904,689,104,10
29,6902,6905,102,30
29,3946,6905,101,30
29,6908,6907,102,80
29,6908,6911,103,10
29,3946,6911,101,10
29,6914,6913,103,40
29,6914,699,104,10
29,6912,6915,102,30
29,3946,6915,101,10
29,3956,6915,101,20
29,6918,6917,102,80
29,6918,6921,103,10
29,3956,6921,101,10
29,6924,6923,103,40
29,6924,699,104,10
29,6922,6925,102,30
29,3956,6925,101,30
29,6928,6927,102,80
29,6928,6931,103,10
29,3956,6931,101,10
29,6934,6933,103,40
29,6934,699,104,10
29,6932,6935,102,30
29,3966,6935,101,30
29,6938,6937,102,80
29,6938,6941,103,10
29,3966,6941,101,10
29,6944,6943,103,40
29,6944,699,104,10
29,6942,6945,102,30
29,3966,6945,101,30
29,6948,6947,102,80
29,6948,6951,103,10
29,3976,6951,101,10
29,6954,6953,103,40
29,6954,699,104,10
29,6952,6955,102,30
29,3976,6955,101,30
29,6958,6957,102,80
29,6958,6961,103,10
29,3976,6961,101,10
29,6964,6963,103,40
29,6964,699,104,10
29,6962,6965,102,30
29,3976,6965,101,20
29,3986,6965,101,10
29,6968,6967,102,80
29,6968,6971,103,10
29,3986,6971,101,10
29,6974,6973,103,40
29,6974,699,104,10
29,6972,6975,102,30
29,3986,6975,101,30
29,6978,6977,102,80
29,6978,6981,103,10
29,3986,6981,101,10
29,6984,6983,103,40
29,6984,699,104,10
29,6982,6985,102,30
29,3986,6985,101,10
29,3996,6985,101,20
29,6988,6987,102,80
29,6988,6991,103,10
29,3996,6991,101,10
29,6994,6993,103,40
29,6994,699,104,10
29,6992,6995,102,30
29,3996,6995,101,30
29,6998,6997,102,80
29,6998,7001,103,10
29,3996,7001,101,10
29,7004,7003,103,40
29,7004,699,104,10
29,7002,7005,102,30
29,4006,7005,101,30
29,7008,7007,102,80
29,7008,7011,103,10
29,4006,7011,101,10
29,7014,7013,103,40
29,7014,709,104,10
29,7012,7015,102,30
29,4006,7015,101,30
29,7018,7017,102,80
29,7018,7021,103,10
29,4016,7021,101,10
29,7024,7023,103,40
29,7024,709,104,10
29,7022,7025,102,30
29,4016,7025,101,30
29,7028,7027,102,80
29,7028,7031,103,10
29,4016,7031,101,10
